Poker Hand #TM5336775130: Tournament #248716921, Fifty Stack $5.50 Hold'em No Limit - Level14(1,500/3,000) - 2025/12/16 20:02:24
Table '37' 8-max Seat #3 is the button
Seat 1: d7a2e12d (102,160 in chips)
Seat 3: 2457f0c3 (60,300 in chips)
Seat 4: f5c402e4 (17,621 in chips)
Seat 5: 7f3ab1e7 (65,936 in chips)
Seat 6: Hero (33,716 in chips)
Seat 7: a4ad31f7 (86,374 in chips)
Seat 8: a5c970a2 (99,410 in chips)
d7a2e12d: posts the ante 350
2457f0c3: posts the ante 350
Hero: posts the ante 350
a5c970a2: posts the ante 350
f5c402e4: posts the ante 350
7f3ab1e7: posts the ante 350
a4ad31f7: posts the ante 350
f5c402e4: posts small blind 1,500
7f3ab1e7: posts big blind 3,000
*** HOLE CARDS ***
Dealt to d7a2e12d 
Dealt to 2457f0c3 
Dealt to f5c402e4 
Dealt to 7f3ab1e7 
Dealt to Hero [7c 7d]
Dealt to a4ad31f7 
Dealt to a5c970a2 
Hero: raises 30,366 to 33,366 and is all-in
a4ad31f7: raises 52,658 to 86,024 and is all-in
a5c970a2: folds
d7a2e12d: folds
2457f0c3: folds
f5c402e4: folds
7f3ab1e7: folds
Uncalled bet (52,658) returned to a4ad31f7
a4ad31f7: shows [Td Tc]
Hero: shows [7c 7d]
*** FLOP *** [6c 5d Ad]
*** TURN *** [6c 5d Ad] [Ts]
*** RIVER *** [6c 5d Ad Ts] [8s]
*** SHOWDOWN ***
a4ad31f7 collected 73,682 from pot
*** SUMMARY ***
Total pot 73,682 | Rake 0 | Jackpot 0 | Bingo 0 | Fortune 0 | Tax 0
Board [6c 5d Ad Ts 8s]
Seat 1: d7a2e12d folded before Flop
Seat 3: 2457f0c3 (button) folded before Flop
Seat 4: f5c402e4 (small blind) folded before Flop
Seat 5: 7f3ab1e7 (big blind) folded before Flop
Seat 6: Hero showed [7c 7d] and lost with a pair of Sevens
Seat 7: a4ad31f7 showed [Td Tc] and won (73,682) with three of a kind, Tens
Seat 8: a5c970a2 folded before Flop


Poker Hand #TM5336775110: Tournament #248716921, Fifty Stack $5.50 Hold'em No Limit - Level13(1,250/2,500) - 2025/12/16 20:01:24
Table '37' 8-max Seat #2 is the button
Seat 1: d7a2e12d (84,930 in chips)
Seat 2: 833d2c1a (11,680 in chips)
Seat 3: 2457f0c3 (61,850 in chips)
Seat 4: f5c402e4 (20,421 in chips)
Seat 5: 7f3ab1e7 (66,236 in chips)
Seat 6: Hero (34,016 in chips)
Seat 7: a4ad31f7 (86,674 in chips)
Seat 8: a5c970a2 (99,710 in chips)
d7a2e12d: posts the ante 300
2457f0c3: posts the ante 300
Hero: posts the ante 300
a5c970a2: posts the ante 300
f5c402e4: posts the ante 300
833d2c1a: posts the ante 300
7f3ab1e7: posts the ante 300
a4ad31f7: posts the ante 300
2457f0c3: posts small blind 1,250
f5c402e4: posts big blind 2,500
*** HOLE CARDS ***
Dealt to d7a2e12d 
Dealt to 833d2c1a 
Dealt to 2457f0c3 
Dealt to f5c402e4 
Dealt to 7f3ab1e7 
Dealt to Hero [9d Js]
Dealt to a4ad31f7 
Dealt to a5c970a2 
7f3ab1e7: folds
Hero: folds
a4ad31f7: folds
a5c970a2: folds
d7a2e12d: raises 3,750 to 6,250
833d2c1a: raises 5,130 to 11,380 and is all-in
2457f0c3: folds
f5c402e4: folds
d7a2e12d: calls 5,130
833d2c1a: shows [8h Ks]
d7a2e12d: shows [9c Ah]
*** FLOP *** [Ac 6s 3h]
*** TURN *** [Ac 6s 3h] [4s]
*** RIVER *** [Ac 6s 3h 4s] [5d]
*** SHOWDOWN ***
d7a2e12d collected 28,910 from pot
*** SUMMARY ***
Total pot 28,910 | Rake 0 | Jackpot 0 | Bingo 0 | Fortune 0 | Tax 0
Board [Ac 6s 3h 4s 5d]
Seat 1: d7a2e12d showed [9c Ah] and won (28,910) with a pair of Aces
Seat 2: 833d2c1a (button) showed [8h Ks] and lost with Ace high
Seat 3: 2457f0c3 (small blind) folded before Flop
Seat 4: f5c402e4 (big blind) folded before Flop
Seat 5: 7f3ab1e7 folded before Flop
Seat 6: Hero folded before Flop
Seat 7: a4ad31f7 folded before Flop
Seat 8: a5c970a2 folded before Flop


Poker Hand #TM5336775091: Tournament #248716921, Fifty Stack $5.50 Hold'em No Limit - Level13(1,250/2,500) - 2025/12/16 19:54:52
Table '37' 8-max Seat #1 is the button
Seat 1: d7a2e12d (37,440 in chips)
Seat 2: 833d2c1a (49,120 in chips)
Seat 3: 2457f0c3 (64,650 in chips)
Seat 4: f5c402e4 (20,721 in chips)
Seat 5: 7f3ab1e7 (66,536 in chips)
Seat 6: Hero (34,316 in chips)
Seat 7: a4ad31f7 (92,724 in chips)
Seat 8: a5c970a2 (100,010 in chips)
d7a2e12d: posts the ante 300
2457f0c3: posts the ante 300
Hero: posts the ante 300
a5c970a2: posts the ante 300
f5c402e4: posts the ante 300
7f3ab1e7: posts the ante 300
833d2c1a: posts the ante 300
a4ad31f7: posts the ante 300
833d2c1a: posts small blind 1,250
2457f0c3: posts big blind 2,500
*** HOLE CARDS ***
Dealt to d7a2e12d 
Dealt to 833d2c1a 
Dealt to 2457f0c3 
Dealt to f5c402e4 
Dealt to 7f3ab1e7 
Dealt to Hero [Td 4s]
Dealt to a4ad31f7 
Dealt to a5c970a2 
f5c402e4: folds
7f3ab1e7: folds
Hero: folds
a4ad31f7: raises 3,250 to 5,750
a5c970a2: folds
d7a2e12d: raises 31,390 to 37,140 and is all-in
833d2c1a: raises 11,680 to 48,820 and is all-in
2457f0c3: folds
a4ad31f7: folds
Uncalled bet (11,680) returned to 833d2c1a
833d2c1a: shows [7h 7d]
d7a2e12d: shows [Jc Kd]
*** FLOP *** [Ts 3s Js]
*** TURN *** [Ts 3s Js] [4d]
*** RIVER *** [Ts 3s Js 4d] [9d]
*** SHOWDOWN ***
d7a2e12d collected 84,930 from pot
*** SUMMARY ***
Total pot 84,930 | Rake 0 | Jackpot 0 | Bingo 0 | Fortune 0 | Tax 0
Board [Ts 3s Js 4d 9d]
Seat 1: d7a2e12d (button) showed [Jc Kd] and won (84,930) with a pair of Jacks
Seat 2: 833d2c1a (small blind) showed [7h 7d] and lost with a pair of Sevens
Seat 3: 2457f0c3 (big blind) folded before Flop
Seat 4: f5c402e4 folded before Flop
Seat 5: 7f3ab1e7 folded before Flop
Seat 6: Hero folded before Flop
Seat 7: a4ad31f7 folded before Flop
Seat 8: a5c970a2 folded before Flop


Poker Hand #TM5336775083: Tournament #248716921, Fifty Stack $5.50 Hold'em No Limit - Level13(1,250/2,500) - 2025/12/16 19:54:30
Table '37' 8-max Seat #8 is the button
Seat 1: d7a2e12d (38,990 in chips)
Seat 2: 833d2c1a (51,920 in chips)
Seat 3: 2457f0c3 (64,950 in chips)
Seat 4: f5c402e4 (14,871 in chips)
Seat 5: 7f3ab1e7 (66,836 in chips)
Seat 6: Hero (34,616 in chips)
Seat 7: a4ad31f7 (93,024 in chips)
Seat 8: a5c970a2 (100,310 in chips)
d7a2e12d: posts the ante 300
2457f0c3: posts the ante 300
Hero: posts the ante 300
a5c970a2: posts the ante 300
f5c402e4: posts the ante 300
7f3ab1e7: posts the ante 300
833d2c1a: posts the ante 300
a4ad31f7: posts the ante 300
d7a2e12d: posts small blind 1,250
833d2c1a: posts big blind 2,500
*** HOLE CARDS ***
Dealt to d7a2e12d 
Dealt to 833d2c1a 
Dealt to 2457f0c3 
Dealt to f5c402e4 
Dealt to 7f3ab1e7 
Dealt to Hero [Jd 4c]
Dealt to a4ad31f7 
Dealt to a5c970a2 
2457f0c3: folds
f5c402e4: raises 12,071 to 14,571 and is all-in
7f3ab1e7: folds
Hero: folds
a4ad31f7: folds
a5c970a2: folds
d7a2e12d: folds
833d2c1a: folds
Uncalled bet (12,071) returned to f5c402e4
*** SHOWDOWN ***
f5c402e4 collected 8,650 from pot
*** SUMMARY ***
Total pot 8,650 | Rake 0 | Jackpot 0 | Bingo 0 | Fortune 0 | Tax 0
Seat 1: d7a2e12d (small blind) folded before Flop
Seat 2: 833d2c1a (big blind) folded before Flop
Seat 3: 2457f0c3 folded before Flop
Seat 4: f5c402e4 collected (8,650)
Seat 5: 7f3ab1e7 folded before Flop
Seat 6: Hero folded before Flop
Seat 7: a4ad31f7 folded before Flop
Seat 8: a5c970a2 (button) folded before Flop


Poker Hand #TM5336775070: Tournament #248716921, Fifty Stack $5.50 Hold'em No Limit - Level13(1,250/2,500) - 2025/12/16 19:53:46
Table '37' 8-max Seat #7 is the button
Seat 1: d7a2e12d (41,790 in chips)
Seat 2: 833d2c1a (52,220 in chips)
Seat 3: 2457f0c3 (65,250 in chips)
Seat 4: f5c402e4 (15,171 in chips)
Seat 5: 7f3ab1e7 (67,136 in chips)
Seat 6: Hero (34,916 in chips)
Seat 7: a4ad31f7 (93,324 in chips)
Seat 8: a5c970a2 (95,710 in chips)
d7a2e12d: posts the ante 300
2457f0c3: posts the ante 300
Hero: posts the ante 300
f5c402e4: posts the ante 300
a5c970a2: posts the ante 300
7f3ab1e7: posts the ante 300
833d2c1a: posts the ante 300
a4ad31f7: posts the ante 300
a5c970a2: posts small blind 1,250
d7a2e12d: posts big blind 2,500
*** HOLE CARDS ***
Dealt to d7a2e12d 
Dealt to 833d2c1a 
Dealt to 2457f0c3 
Dealt to f5c402e4 
Dealt to 7f3ab1e7 
Dealt to Hero [9c 3h]
Dealt to a4ad31f7 
Dealt to a5c970a2 
833d2c1a: folds
2457f0c3: folds
f5c402e4: folds
7f3ab1e7: folds
Hero: folds
a4ad31f7: folds
a5c970a2: calls 1,250
d7a2e12d: checks
*** FLOP *** [8h Th Ah]
a5c970a2: checks
d7a2e12d: checks
*** TURN *** [8h Th Ah] [Ks]
a5c970a2: checks
d7a2e12d: checks
*** RIVER *** [8h Th Ah Ks] [8d]
a5c970a2: bets 5,000
d7a2e12d: folds
Uncalled bet (5,000) returned to a5c970a2
*** SHOWDOWN ***
a5c970a2 collected 7,400 from pot
*** SUMMARY ***
Total pot 7,400 | Rake 0 | Jackpot 0 | Bingo 0 | Fortune 0 | Tax 0
Board [8h Th Ah Ks 8d]
Seat 1: d7a2e12d (big blind) folded on the River
Seat 2: 833d2c1a folded before Flop
Seat 3: 2457f0c3 folded before Flop
Seat 4: f5c402e4 folded before Flop
Seat 5: 7f3ab1e7 folded before Flop
Seat 6: Hero folded before Flop
Seat 7: a4ad31f7 (button) folded before Flop
Seat 8: a5c970a2 (small blind) won (7,400)


Poker Hand #TM5336775056: Tournament #248716921, Fifty Stack $5.50 Hold'em No Limit - Level13(1,250/2,500) - 2025/12/16 19:53:05
Table '37' 8-max Seat #6 is the button
Seat 1: d7a2e12d (42,090 in chips)
Seat 2: 833d2c1a (52,520 in chips)
Seat 3: 2457f0c3 (49,400 in chips)
Seat 4: f5c402e4 (20,471 in chips)
Seat 5: 7f3ab1e7 (67,436 in chips)
Seat 6: Hero (40,216 in chips)
Seat 7: a4ad31f7 (94,874 in chips)
Seat 8: a5c970a2 (98,510 in chips)
d7a2e12d: posts the ante 300
2457f0c3: posts the ante 300
Hero: posts the ante 300
f5c402e4: posts the ante 300
a5c970a2: posts the ante 300
7f3ab1e7: posts the ante 300
833d2c1a: posts the ante 300
a4ad31f7: posts the ante 300
a4ad31f7: posts small blind 1,250
a5c970a2: posts big blind 2,500
*** HOLE CARDS ***
Dealt to d7a2e12d 
Dealt to 833d2c1a 
Dealt to 2457f0c3 
Dealt to f5c402e4 
Dealt to 7f3ab1e7 
Dealt to Hero [9c 8c]
Dealt to a4ad31f7 
Dealt to a5c970a2 
d7a2e12d: folds
833d2c1a: folds
2457f0c3: raises 2,500 to 5,000
f5c402e4: calls 5,000
7f3ab1e7: folds
Hero: calls 5,000
a4ad31f7: folds
a5c970a2: folds
*** FLOP *** [3s 2c 2h]
2457f0c3: bets 5,000
f5c402e4: folds
Hero: folds
Uncalled bet (5,000) returned to 2457f0c3
*** SHOWDOWN ***
2457f0c3 collected 21,150 from pot
*** SUMMARY ***
Total pot 21,150 | Rake 0 | Jackpot 0 | Bingo 0 | Fortune 0 | Tax 0
Board [3s 2c 2h]
Seat 1: d7a2e12d folded before Flop
Seat 2: 833d2c1a folded before Flop
Seat 3: 2457f0c3 won (21,150)
Seat 4: f5c402e4 folded on the Flop
Seat 5: 7f3ab1e7 folded before Flop
Seat 6: Hero (button) folded on the Flop
Seat 7: a4ad31f7 (small blind) folded before Flop
Seat 8: a5c970a2 (big blind) folded before Flop


Poker Hand #TM5336775047: Tournament #248716921, Fifty Stack $5.50 Hold'em No Limit - Level13(1,250/2,500) - 2025/12/16 19:52:45
Table '37' 8-max Seat #5 is the button
Seat 1: d7a2e12d (36,240 in chips)
Seat 2: 833d2c1a (52,820 in chips)
Seat 3: 2457f0c3 (49,700 in chips)
Seat 4: f5c402e4 (20,771 in chips)
Seat 5: 7f3ab1e7 (67,736 in chips)
Seat 6: Hero (41,766 in chips)
Seat 7: a4ad31f7 (97,674 in chips)
Seat 8: a5c970a2 (98,810 in chips)
d7a2e12d: posts the ante 300
2457f0c3: posts the ante 300
Hero: posts the ante 300
f5c402e4: posts the ante 300
a5c970a2: posts the ante 300
7f3ab1e7: posts the ante 300
833d2c1a: posts the ante 300
a4ad31f7: posts the ante 300
Hero: posts small blind 1,250
a4ad31f7: posts big blind 2,500
*** HOLE CARDS ***
Dealt to d7a2e12d 
Dealt to 833d2c1a 
Dealt to 2457f0c3 
Dealt to f5c402e4 
Dealt to 7f3ab1e7 
Dealt to Hero [4d 3h]
Dealt to a4ad31f7 
Dealt to a5c970a2 
a5c970a2: folds
d7a2e12d: raises 33,440 to 35,940 and is all-in
833d2c1a: folds
2457f0c3: folds
f5c402e4: folds
7f3ab1e7: folds
Hero: folds
a4ad31f7: folds
Uncalled bet (33,440) returned to d7a2e12d
*** SHOWDOWN ***
d7a2e12d collected 8,650 from pot
*** SUMMARY ***
Total pot 8,650 | Rake 0 | Jackpot 0 | Bingo 0 | Fortune 0 | Tax 0
Seat 1: d7a2e12d collected (8,650)
Seat 2: 833d2c1a folded before Flop
Seat 3: 2457f0c3 folded before Flop
Seat 4: f5c402e4 folded before Flop
Seat 5: 7f3ab1e7 (button) folded before Flop
Seat 6: Hero (small blind) folded before Flop
Seat 7: a4ad31f7 (big blind) folded before Flop
Seat 8: a5c970a2 folded before Flop


Poker Hand #TM5336775041: Tournament #248716921, Fifty Stack $5.50 Hold'em No Limit - Level13(1,250/2,500) - 2025/12/16 19:52:22
Table '37' 8-max Seat #4 is the button
Seat 1: d7a2e12d (36,540 in chips)
Seat 2: 833d2c1a (53,120 in chips)
Seat 3: 2457f0c3 (50,000 in chips)
Seat 4: f5c402e4 (21,071 in chips)
Seat 5: 7f3ab1e7 (69,286 in chips)
Seat 6: Hero (38,416 in chips)
Seat 7: a4ad31f7 (97,974 in chips)
Seat 8: a5c970a2 (99,110 in chips)
d7a2e12d: posts the ante 300
2457f0c3: posts the ante 300
Hero: posts the ante 300
f5c402e4: posts the ante 300
a5c970a2: posts the ante 300
833d2c1a: posts the ante 300
7f3ab1e7: posts the ante 300
a4ad31f7: posts the ante 300
7f3ab1e7: posts small blind 1,250
Hero: posts big blind 2,500
*** HOLE CARDS ***
Dealt to d7a2e12d 
Dealt to 833d2c1a 
Dealt to 2457f0c3 
Dealt to f5c402e4 
Dealt to 7f3ab1e7 
Dealt to Hero [8d Jh]
Dealt to a4ad31f7 
Dealt to a5c970a2 
a4ad31f7: folds
a5c970a2: folds
d7a2e12d: folds
833d2c1a: folds
2457f0c3: folds
f5c402e4: folds
7f3ab1e7: folds
Uncalled bet (1,250) returned to Hero
*** SHOWDOWN ***
Hero collected 4,900 from pot
*** SUMMARY ***
Total pot 4,900 | Rake 0 | Jackpot 0 | Bingo 0 | Fortune 0 | Tax 0
Seat 1: d7a2e12d folded before Flop
Seat 2: 833d2c1a folded before Flop
Seat 3: 2457f0c3 folded before Flop
Seat 4: f5c402e4 (button) folded before Flop
Seat 5: 7f3ab1e7 (small blind) folded before Flop
Seat 6: Hero (big blind) collected (4,900)
Seat 7: a4ad31f7 folded before Flop
Seat 8: a5c970a2 folded before Flop


Poker Hand #TM5336775030: Tournament #248716921, Fifty Stack $5.50 Hold'em No Limit - Level13(1,250/2,500) - 2025/12/16 19:51:44
Table '37' 8-max Seat #2 is the button
Seat 1: d7a2e12d (36,840 in chips)
Seat 2: 833d2c1a (53,420 in chips)
Seat 4: f5c402e4 (16,771 in chips)
Seat 5: 7f3ab1e7 (72,086 in chips)
Seat 6: Hero (38,716 in chips)
Seat 7: a4ad31f7 (98,274 in chips)
Seat 8: a5c970a2 (99,410 in chips)
d7a2e12d: posts the ante 300
Hero: posts the ante 300
a5c970a2: posts the ante 300
f5c402e4: posts the ante 300
833d2c1a: posts the ante 300
7f3ab1e7: posts the ante 300
a4ad31f7: posts the ante 300
f5c402e4: posts small blind 1,250
7f3ab1e7: posts big blind 2,500
*** HOLE CARDS ***
Dealt to d7a2e12d 
Dealt to 833d2c1a 
Dealt to f5c402e4 
Dealt to 7f3ab1e7 
Dealt to Hero [8s 9h]
Dealt to a4ad31f7 
Dealt to a5c970a2 
Hero: folds
a4ad31f7: folds
a5c970a2: folds
d7a2e12d: folds
833d2c1a: folds
f5c402e4: calls 1,250
7f3ab1e7: checks
*** FLOP *** [Qs 8h Td]
f5c402e4: checks
7f3ab1e7: checks
*** TURN *** [Qs 8h Td] [9d]
f5c402e4: bets 2,500
7f3ab1e7: folds
Uncalled bet (2,500) returned to f5c402e4
*** SHOWDOWN ***
f5c402e4 collected 7,100 from pot
*** SUMMARY ***
Total pot 7,100 | Rake 0 | Jackpot 0 | Bingo 0 | Fortune 0 | Tax 0
Board [Qs 8h Td 9d]
Seat 1: d7a2e12d folded before Flop
Seat 2: 833d2c1a (button) folded before Flop
Seat 4: f5c402e4 (small blind) won (7,100)
Seat 5: 7f3ab1e7 (big blind) folded on the Turn
Seat 6: Hero folded before Flop
Seat 7: a4ad31f7 folded before Flop
Seat 8: a5c970a2 folded before Flop


Poker Hand #TM5336775017: Tournament #248716921, Fifty Stack $5.50 Hold'em No Limit - Level13(1,250/2,500) - 2025/12/16 19:50:58
Table '37' 8-max Seat #1 is the button
Seat 1: d7a2e12d (61,550 in chips)
Seat 2: 833d2c1a (24,710 in chips)
Seat 4: f5c402e4 (19,571 in chips)
Seat 5: 7f3ab1e7 (72,386 in chips)
Seat 6: Hero (39,016 in chips)
Seat 7: a4ad31f7 (98,574 in chips)
Seat 8: a5c970a2 (99,710 in chips)
d7a2e12d: posts the ante 300
Hero: posts the ante 300
a5c970a2: posts the ante 300
f5c402e4: posts the ante 300
7f3ab1e7: posts the ante 300
833d2c1a: posts the ante 300
a4ad31f7: posts the ante 300
833d2c1a: posts small blind 1,250
f5c402e4: posts big blind 2,500
*** HOLE CARDS ***
Dealt to d7a2e12d 
Dealt to 833d2c1a 
Dealt to f5c402e4 
Dealt to 7f3ab1e7 
Dealt to Hero [Jc 4c]
Dealt to a4ad31f7 
Dealt to a5c970a2 
7f3ab1e7: folds
Hero: folds
a4ad31f7: folds
a5c970a2: folds
d7a2e12d: raises 58,750 to 61,250 and is all-in
833d2c1a: calls 23,160 and is all-in
f5c402e4: folds
Uncalled bet (36,840) returned to d7a2e12d
d7a2e12d: shows [Qs Th]
833d2c1a: shows [Jd Ah]
*** FLOP *** [9c Qh 4s]
*** TURN *** [9c Qh 4s] [Ad]
*** RIVER *** [9c Qh 4s Ad] [5c]
*** SHOWDOWN ***
833d2c1a collected 53,420 from pot
*** SUMMARY ***
Total pot 53,420 | Rake 0 | Jackpot 0 | Bingo 0 | Fortune 0 | Tax 0
Board [9c Qh 4s Ad 5c]
Seat 1: d7a2e12d (button) showed [Qs Th] and lost with a pair of Queens
Seat 2: 833d2c1a (small blind) showed [Jd Ah] and won (53,420) with a pair of Aces
Seat 4: f5c402e4 (big blind) folded before Flop
Seat 5: 7f3ab1e7 folded before Flop
Seat 6: Hero folded before Flop
Seat 7: a4ad31f7 folded before Flop
Seat 8: a5c970a2 folded before Flop


Poker Hand #TM5336775004: Tournament #248716921, Fifty Stack $5.50 Hold'em No Limit - Level13(1,250/2,500) - 2025/12/16 19:50:14
Table '37' 8-max Seat #8 is the button
Seat 1: d7a2e12d (63,100 in chips)
Seat 2: 833d2c1a (16,360 in chips)
Seat 3: 89a15dcf (68,690 in chips)
Seat 4: f5c402e4 (19,871 in chips)
Seat 5: 7f3ab1e7 (72,686 in chips)
Seat 6: Hero (44,316 in chips)
Seat 7: a4ad31f7 (98,874 in chips)
Seat 8: a5c970a2 (100,010 in chips)
d7a2e12d: posts the ante 300
Hero: posts the ante 300
a5c970a2: posts the ante 300
f5c402e4: posts the ante 300
89a15dcf: posts the ante 300
7f3ab1e7: posts the ante 300
833d2c1a: posts the ante 300
a4ad31f7: posts the ante 300
d7a2e12d: posts small blind 1,250
833d2c1a: posts big blind 2,500
*** HOLE CARDS ***
Dealt to d7a2e12d 
Dealt to 833d2c1a 
Dealt to 89a15dcf 
Dealt to f5c402e4 
Dealt to 7f3ab1e7 
Dealt to Hero [Jc Ks]
Dealt to a4ad31f7 
Dealt to a5c970a2 
89a15dcf: folds
f5c402e4: folds
7f3ab1e7: folds
Hero: raises 2,500 to 5,000
a4ad31f7: folds
a5c970a2: folds
d7a2e12d: folds
833d2c1a: raises 11,060 to 16,060 and is all-in
Hero: folds
Uncalled bet (11,060) returned to 833d2c1a
*** SHOWDOWN ***
833d2c1a collected 13,650 from pot
*** SUMMARY ***
Total pot 13,650 | Rake 0 | Jackpot 0 | Bingo 0 | Fortune 0 | Tax 0
Seat 1: d7a2e12d (small blind) folded before Flop
Seat 2: 833d2c1a (big blind) collected (13,650)
Seat 3: 89a15dcf folded before Flop
Seat 4: f5c402e4 folded before Flop
Seat 5: 7f3ab1e7 folded before Flop
Seat 6: Hero folded before Flop
Seat 7: a4ad31f7 folded before Flop
Seat 8: a5c970a2 (button) folded before Flop


Poker Hand #TM5336774991: Tournament #248716921, Fifty Stack $5.50 Hold'em No Limit - Level13(1,250/2,500) - 2025/12/16 19:49:35
Table '37' 8-max Seat #7 is the button
Seat 1: d7a2e12d (65,900 in chips)
Seat 2: 833d2c1a (16,660 in chips)
Seat 3: 89a15dcf (68,990 in chips)
Seat 4: f5c402e4 (39,254 in chips)
Seat 5: 7f3ab1e7 (72,986 in chips)
Seat 6: Hero (19,383 in chips)
Seat 7: a4ad31f7 (99,174 in chips)
Seat 8: a5c970a2 (101,560 in chips)
d7a2e12d: posts the ante 300
Hero: posts the ante 300
f5c402e4: posts the ante 300
a5c970a2: posts the ante 300
89a15dcf: posts the ante 300
7f3ab1e7: posts the ante 300
833d2c1a: posts the ante 300
a4ad31f7: posts the ante 300
a5c970a2: posts small blind 1,250
d7a2e12d: posts big blind 2,500
*** HOLE CARDS ***
Dealt to d7a2e12d 
Dealt to 833d2c1a 
Dealt to 89a15dcf 
Dealt to f5c402e4 
Dealt to 7f3ab1e7 
Dealt to Hero [8c 8h]
Dealt to a4ad31f7 
Dealt to a5c970a2 
833d2c1a: folds
89a15dcf: folds
f5c402e4: calls 2,500
7f3ab1e7: folds
Hero: raises 16,583 to 19,083 and is all-in
a4ad31f7: folds
a5c970a2: folds
d7a2e12d: folds
f5c402e4: calls 16,583
Hero: shows [8c 8h]
f5c402e4: shows [Ks Qh]
*** FLOP *** [6c 4s 6s]
*** TURN *** [6c 4s 6s] [Qc]
*** RIVER *** [6c 4s 6s Qc] [8d]
*** SHOWDOWN ***
Hero collected 44,316 from pot
*** SUMMARY ***
Total pot 44,316 | Rake 0 | Jackpot 0 | Bingo 0 | Fortune 0 | Tax 0
Board [6c 4s 6s Qc 8d]
Seat 1: d7a2e12d (big blind) folded before Flop
Seat 2: 833d2c1a folded before Flop
Seat 3: 89a15dcf folded before Flop
Seat 4: f5c402e4 showed [Ks Qh] and lost with two pair, Queens and Sixes
Seat 5: 7f3ab1e7 folded before Flop
Seat 6: Hero showed [8c 8h] and won (44,316) with a full house, Eights full of Sixes
Seat 7: a4ad31f7 (button) folded before Flop
Seat 8: a5c970a2 (small blind) folded before Flop


Poker Hand #TM5336774982: Tournament #248716921, Fifty Stack $5.50 Hold'em No Limit - Level13(1,250/2,500) - 2025/12/16 19:49:06
Table '37' 8-max Seat #6 is the button
Seat 1: d7a2e12d (66,200 in chips)
Seat 2: 833d2c1a (16,960 in chips)
Seat 3: 89a15dcf (69,290 in chips)
Seat 4: f5c402e4 (39,554 in chips)
Seat 5: 7f3ab1e7 (73,286 in chips)
Seat 6: Hero (19,683 in chips)
Seat 7: a4ad31f7 (100,724 in chips)
Seat 8: a5c970a2 (98,210 in chips)
d7a2e12d: posts the ante 300
Hero: posts the ante 300
f5c402e4: posts the ante 300
a5c970a2: posts the ante 300
89a15dcf: posts the ante 300
7f3ab1e7: posts the ante 300
833d2c1a: posts the ante 300
a4ad31f7: posts the ante 300
a4ad31f7: posts small blind 1,250
a5c970a2: posts big blind 2,500
*** HOLE CARDS ***
Dealt to d7a2e12d 
Dealt to 833d2c1a 
Dealt to 89a15dcf 
Dealt to f5c402e4 
Dealt to 7f3ab1e7 
Dealt to Hero [Ad 5s]
Dealt to a4ad31f7 
Dealt to a5c970a2 
d7a2e12d: folds
833d2c1a: folds
89a15dcf: folds
f5c402e4: folds
7f3ab1e7: folds
Hero: folds
a4ad31f7: folds
Uncalled bet (1,250) returned to a5c970a2
*** SHOWDOWN ***
a5c970a2 collected 4,900 from pot
*** SUMMARY ***
Total pot 4,900 | Rake 0 | Jackpot 0 | Bingo 0 | Fortune 0 | Tax 0
Seat 1: d7a2e12d folded before Flop
Seat 2: 833d2c1a folded before Flop
Seat 3: 89a15dcf folded before Flop
Seat 4: f5c402e4 folded before Flop
Seat 5: 7f3ab1e7 folded before Flop
Seat 6: Hero (button) folded before Flop
Seat 7: a4ad31f7 (small blind) folded before Flop
Seat 8: a5c970a2 (big blind) collected (4,900)


Poker Hand #TM5336774969: Tournament #248716921, Fifty Stack $5.50 Hold'em No Limit - Level13(1,250/2,500) - 2025/12/16 19:48:26
Table '37' 8-max Seat #5 is the button
Seat 1: d7a2e12d (66,500 in chips)
Seat 2: 833d2c1a (17,260 in chips)
Seat 3: 89a15dcf (69,590 in chips)
Seat 4: f5c402e4 (44,854 in chips)
Seat 5: 7f3ab1e7 (73,586 in chips)
Seat 6: Hero (21,233 in chips)
Seat 7: a4ad31f7 (103,524 in chips)
Seat 8: a5c970a2 (87,360 in chips)
d7a2e12d: posts the ante 300
Hero: posts the ante 300
f5c402e4: posts the ante 300
a5c970a2: posts the ante 300
89a15dcf: posts the ante 300
7f3ab1e7: posts the ante 300
833d2c1a: posts the ante 300
a4ad31f7: posts the ante 300
Hero: posts small blind 1,250
a4ad31f7: posts big blind 2,500
*** HOLE CARDS ***
Dealt to d7a2e12d 
Dealt to 833d2c1a 
Dealt to 89a15dcf 
Dealt to f5c402e4 
Dealt to 7f3ab1e7 
Dealt to Hero [2s 7d]
Dealt to a4ad31f7 
Dealt to a5c970a2 
a5c970a2: raises 2,500 to 5,000
d7a2e12d: folds
833d2c1a: folds
89a15dcf: folds
f5c402e4: calls 5,000
7f3ab1e7: folds
Hero: folds
a4ad31f7: folds
*** FLOP *** [5c Qs As]
a5c970a2: checks
f5c402e4: checks
*** TURN *** [5c Qs As] [5s]
a5c970a2: bets 5,330
f5c402e4: folds
Uncalled bet (5,330) returned to a5c970a2
*** SHOWDOWN ***
a5c970a2 collected 16,150 from pot
*** SUMMARY ***
Total pot 16,150 | Rake 0 | Jackpot 0 | Bingo 0 | Fortune 0 | Tax 0
Board [5c Qs As 5s]
Seat 1: d7a2e12d folded before Flop
Seat 2: 833d2c1a folded before Flop
Seat 3: 89a15dcf folded before Flop
Seat 4: f5c402e4 folded on the Turn
Seat 5: 7f3ab1e7 (button) folded before Flop
Seat 6: Hero (small blind) folded before Flop
Seat 7: a4ad31f7 (big blind) folded before Flop
Seat 8: a5c970a2 won (16,150)


Poker Hand #TM5336774954: Tournament #248716921, Fifty Stack $5.50 Hold'em No Limit - Level12(1,000/2,000) - 2025/12/16 19:47:32
Table '37' 8-max Seat #4 is the button
Seat 1: d7a2e12d (66,750 in chips)
Seat 2: 833d2c1a (7,380 in chips)
Seat 3: 89a15dcf (69,840 in chips)
Seat 4: f5c402e4 (45,104 in chips)
Seat 5: 7f3ab1e7 (74,836 in chips)
Seat 6: Hero (28,613 in chips)
Seat 7: a4ad31f7 (103,774 in chips)
Seat 8: a5c970a2 (87,610 in chips)
d7a2e12d: posts the ante 250
Hero: posts the ante 250
f5c402e4: posts the ante 250
a5c970a2: posts the ante 250
89a15dcf: posts the ante 250
833d2c1a: posts the ante 250
7f3ab1e7: posts the ante 250
a4ad31f7: posts the ante 250
7f3ab1e7: posts small blind 1,000
Hero: posts big blind 2,000
*** HOLE CARDS ***
Dealt to d7a2e12d 
Dealt to 833d2c1a 
Dealt to 89a15dcf 
Dealt to f5c402e4 
Dealt to 7f3ab1e7 
Dealt to Hero [Kd 7d]
Dealt to a4ad31f7 
Dealt to a5c970a2 
a4ad31f7: folds
a5c970a2: folds
d7a2e12d: folds
833d2c1a: raises 5,130 to 7,130 and is all-in
89a15dcf: folds
f5c402e4: folds
7f3ab1e7: folds
Hero: calls 5,130
833d2c1a: shows [5c 5d]
Hero: shows [Kd 7d]
*** FLOP *** [Ac Tc 8s]
*** TURN *** [Ac Tc 8s] [Ad]
*** RIVER *** [Ac Tc 8s Ad] [2s]
*** SHOWDOWN ***
833d2c1a collected 17,260 from pot
*** SUMMARY ***
Total pot 17,260 | Rake 0 | Jackpot 0 | Bingo 0 | Fortune 0 | Tax 0
Board [Ac Tc 8s Ad 2s]
Seat 1: d7a2e12d folded before Flop
Seat 2: 833d2c1a showed [5c 5d] and won (17,260) with two pair, Aces and Fives
Seat 3: 89a15dcf folded before Flop
Seat 4: f5c402e4 (button) folded before Flop
Seat 5: 7f3ab1e7 (small blind) folded before Flop
Seat 6: Hero (big blind) showed [Kd 7d] and lost with a pair of Aces
Seat 7: a4ad31f7 folded before Flop
Seat 8: a5c970a2 folded before Flop


Poker Hand #TM5336774936: Tournament #248716921, Fifty Stack $5.50 Hold'em No Limit - Level12(1,000/2,000) - 2025/12/16 19:46:36
Table '37' 8-max Seat #3 is the button
Seat 1: d7a2e12d (67,000 in chips)
Seat 2: 833d2c1a (7,630 in chips)
Seat 3: 89a15dcf (70,090 in chips)
Seat 4: f5c402e4 (52,654 in chips)
Seat 5: 7f3ab1e7 (65,786 in chips)
Seat 6: Hero (28,863 in chips)
Seat 7: a4ad31f7 (104,024 in chips)
Seat 8: a5c970a2 (87,860 in chips)
d7a2e12d: posts the ante 250
Hero: posts the ante 250
a5c970a2: posts the ante 250
f5c402e4: posts the ante 250
89a15dcf: posts the ante 250
833d2c1a: posts the ante 250
7f3ab1e7: posts the ante 250
a4ad31f7: posts the ante 250
f5c402e4: posts small blind 1,000
7f3ab1e7: posts big blind 2,000
*** HOLE CARDS ***
Dealt to d7a2e12d 
Dealt to 833d2c1a 
Dealt to 89a15dcf 
Dealt to f5c402e4 
Dealt to 7f3ab1e7 
Dealt to Hero [2s 9d]
Dealt to a4ad31f7 
Dealt to a5c970a2 
Hero: folds
a4ad31f7: folds
a5c970a2: folds
d7a2e12d: folds
833d2c1a: folds
89a15dcf: folds
f5c402e4: calls 1,000
7f3ab1e7: checks
*** FLOP *** [Td As Qd]
f5c402e4: bets 2,000
7f3ab1e7: calls 2,000
*** TURN *** [Td As Qd] [Jc]
f5c402e4: checks
7f3ab1e7: bets 3,300
f5c402e4: calls 3,300
*** RIVER *** [Td As Qd Jc] [Jd]
f5c402e4: checks
7f3ab1e7: bets 4,150
f5c402e4: folds
Uncalled bet (4,150) returned to 7f3ab1e7
*** SHOWDOWN ***
7f3ab1e7 collected 16,600 from pot
*** SUMMARY ***
Total pot 16,600 | Rake 0 | Jackpot 0 | Bingo 0 | Fortune 0 | Tax 0
Board [Td As Qd Jc Jd]
Seat 1: d7a2e12d folded before Flop
Seat 2: 833d2c1a folded before Flop
Seat 3: 89a15dcf (button) folded before Flop
Seat 4: f5c402e4 (small blind) folded on the River
Seat 5: 7f3ab1e7 (big blind) won (16,600)
Seat 6: Hero folded before Flop
Seat 7: a4ad31f7 folded before Flop
Seat 8: a5c970a2 folded before Flop


Poker Hand #TM5336774912: Tournament #248716921, Fifty Stack $5.50 Hold'em No Limit - Level12(1,000/2,000) - 2025/12/16 19:45:21
Table '37' 8-max Seat #2 is the button
Seat 1: d7a2e12d (67,250 in chips)
Seat 2: 833d2c1a (7,880 in chips)
Seat 3: 89a15dcf (71,340 in chips)
Seat 4: f5c402e4 (70,328 in chips)
Seat 5: 7f3ab1e7 (66,036 in chips)
Seat 6: Hero (29,113 in chips)
Seat 7: a4ad31f7 (83,850 in chips)
Seat 8: a5c970a2 (88,110 in chips)
d7a2e12d: posts the ante 250
Hero: posts the ante 250
a5c970a2: posts the ante 250
f5c402e4: posts the ante 250
89a15dcf: posts the ante 250
833d2c1a: posts the ante 250
7f3ab1e7: posts the ante 250
a4ad31f7: posts the ante 250
89a15dcf: posts small blind 1,000
f5c402e4: posts big blind 2,000
*** HOLE CARDS ***
Dealt to d7a2e12d 
Dealt to 833d2c1a 
Dealt to 89a15dcf 
Dealt to f5c402e4 
Dealt to 7f3ab1e7 
Dealt to Hero [Ac 2d]
Dealt to a4ad31f7 
Dealt to a5c970a2 
7f3ab1e7: folds
Hero: folds
a4ad31f7: raises 2,200 to 4,200
a5c970a2: folds
d7a2e12d: folds
833d2c1a: folds
89a15dcf: folds
f5c402e4: calls 2,200
*** FLOP *** [As 2h Kc]
f5c402e4: checks
a4ad31f7: bets 3,762
f5c402e4: calls 3,762
*** TURN *** [As 2h Kc] [9d]
f5c402e4: checks
a4ad31f7: bets 9,462
f5c402e4: calls 9,462
*** RIVER *** [As 2h Kc 9d] [5c]
f5c402e4: checks
a4ad31f7: bets 9,462
f5c402e4: folds
Uncalled bet (9,462) returned to a4ad31f7
*** SHOWDOWN ***
a4ad31f7 collected 37,848 from pot
*** SUMMARY ***
Total pot 37,848 | Rake 0 | Jackpot 0 | Bingo 0 | Fortune 0 | Tax 0
Board [As 2h Kc 9d 5c]
Seat 1: d7a2e12d folded before Flop
Seat 2: 833d2c1a (button) folded before Flop
Seat 3: 89a15dcf (small blind) folded before Flop
Seat 4: f5c402e4 (big blind) folded on the River
Seat 5: 7f3ab1e7 folded before Flop
Seat 6: Hero folded before Flop
Seat 7: a4ad31f7 won (37,848)
Seat 8: a5c970a2 folded before Flop


Poker Hand #TM5336774894: Tournament #248716921, Fifty Stack $5.50 Hold'em No Limit - Level12(1,000/2,000) - 2025/12/16 19:44:25
Table '37' 8-max Seat #1 is the button
Seat 1: d7a2e12d (46,500 in chips)
Seat 2: 833d2c1a (9,130 in chips)
Seat 3: 89a15dcf (73,590 in chips)
Seat 4: f5c402e4 (72,578 in chips)
Seat 5: 7f3ab1e7 (66,286 in chips)
Seat 6: Hero (29,363 in chips)
Seat 7: a4ad31f7 (91,100 in chips)
Seat 8: a5c970a2 (95,360 in chips)
d7a2e12d: posts the ante 250
Hero: posts the ante 250
a5c970a2: posts the ante 250
f5c402e4: posts the ante 250
89a15dcf: posts the ante 250
7f3ab1e7: posts the ante 250
833d2c1a: posts the ante 250
a4ad31f7: posts the ante 250
833d2c1a: posts small blind 1,000
89a15dcf: posts big blind 2,000
*** HOLE CARDS ***
Dealt to d7a2e12d 
Dealt to 833d2c1a 
Dealt to 89a15dcf 
Dealt to f5c402e4 
Dealt to 7f3ab1e7 
Dealt to Hero [6s 5d]
Dealt to a4ad31f7 
Dealt to a5c970a2 
f5c402e4: calls 2,000
7f3ab1e7: folds
Hero: folds
a4ad31f7: raises 5,000 to 7,000
a5c970a2: calls 7,000
d7a2e12d: raises 39,250 to 46,250 and is all-in
833d2c1a: folds
89a15dcf: folds
f5c402e4: folds
a4ad31f7: folds
a5c970a2: folds
Uncalled bet (39,250) returned to d7a2e12d
*** SHOWDOWN ***
d7a2e12d collected 28,000 from pot
*** SUMMARY ***
Total pot 28,000 | Rake 0 | Jackpot 0 | Bingo 0 | Fortune 0 | Tax 0
Seat 1: d7a2e12d (button) collected (28,000)
Seat 2: 833d2c1a (small blind) folded before Flop
Seat 3: 89a15dcf (big blind) folded before Flop
Seat 4: f5c402e4 folded before Flop
Seat 5: 7f3ab1e7 folded before Flop
Seat 6: Hero folded before Flop
Seat 7: a4ad31f7 folded before Flop
Seat 8: a5c970a2 folded before Flop


Poker Hand #TM5336774883: Tournament #248716921, Fifty Stack $5.50 Hold'em No Limit - Level12(1,000/2,000) - 2025/12/16 19:43:41
Table '37' 8-max Seat #8 is the button
Seat 1: d7a2e12d (47,750 in chips)
Seat 2: 833d2c1a (11,380 in chips)
Seat 3: 89a15dcf (73,840 in chips)
Seat 4: f5c402e4 (118,008 in chips)
Seat 5: 7f3ab1e7 (66,536 in chips)
Seat 6: Hero (29,613 in chips)
Seat 7: a4ad31f7 (91,350 in chips)
Seat 8: a5c970a2 (45,430 in chips)
d7a2e12d: posts the ante 250
Hero: posts the ante 250
a5c970a2: posts the ante 250
f5c402e4: posts the ante 250
89a15dcf: posts the ante 250
7f3ab1e7: posts the ante 250
833d2c1a: posts the ante 250
a4ad31f7: posts the ante 250
d7a2e12d: posts small blind 1,000
833d2c1a: posts big blind 2,000
*** HOLE CARDS ***
Dealt to d7a2e12d 
Dealt to 833d2c1a 
Dealt to 89a15dcf 
Dealt to f5c402e4 
Dealt to 7f3ab1e7 
Dealt to Hero [7d 4h]
Dealt to a4ad31f7 
Dealt to a5c970a2 
89a15dcf: folds
f5c402e4: raises 2,000 to 4,000
7f3ab1e7: folds
Hero: folds
a4ad31f7: folds
a5c970a2: raises 41,180 to 45,180 and is all-in
d7a2e12d: folds
833d2c1a: folds
f5c402e4: calls 41,180
a5c970a2: shows [Kh As]
f5c402e4: shows [Ts Td]
*** FLOP *** [Qc Tc Jh]
*** TURN *** [Qc Tc Jh] [8s]
*** RIVER *** [Qc Tc Jh 8s] [2c]
*** SHOWDOWN ***
a5c970a2 collected 95,360 from pot
*** SUMMARY ***
Total pot 95,360 | Rake 0 | Jackpot 0 | Bingo 0 | Fortune 0 | Tax 0
Board [Qc Tc Jh 8s 2c]
Seat 1: d7a2e12d (small blind) folded before Flop
Seat 2: 833d2c1a (big blind) folded before Flop
Seat 3: 89a15dcf folded before Flop
Seat 4: f5c402e4 showed [Ts Td] and lost with three of a kind, Tens
Seat 5: 7f3ab1e7 folded before Flop
Seat 6: Hero folded before Flop
Seat 7: a4ad31f7 folded before Flop
Seat 8: a5c970a2 (button) showed [Kh As] and won (95,360) with a straight, Ace to Ten


Poker Hand #TM5336774865: Tournament #248716921, Fifty Stack $5.50 Hold'em No Limit - Level12(1,000/2,000) - 2025/12/16 19:42:35
Table '37' 8-max Seat #7 is the button
Seat 1: d7a2e12d (50,000 in chips)
Seat 2: 833d2c1a (11,630 in chips)
Seat 3: 89a15dcf (74,090 in chips)
Seat 4: f5c402e4 (118,258 in chips)
Seat 5: 7f3ab1e7 (78,786 in chips)
Seat 6: Hero (29,863 in chips)
Seat 7: a4ad31f7 (74,600 in chips)
Seat 8: a5c970a2 (46,680 in chips)
d7a2e12d: posts the ante 250
Hero: posts the ante 250
f5c402e4: posts the ante 250
a5c970a2: posts the ante 250
89a15dcf: posts the ante 250
7f3ab1e7: posts the ante 250
833d2c1a: posts the ante 250
a4ad31f7: posts the ante 250
a5c970a2: posts small blind 1,000
d7a2e12d: posts big blind 2,000
*** HOLE CARDS ***
Dealt to d7a2e12d 
Dealt to 833d2c1a 
Dealt to 89a15dcf 
Dealt to f5c402e4 
Dealt to 7f3ab1e7 
Dealt to Hero [4c Jh]
Dealt to a4ad31f7 
Dealt to a5c970a2 
833d2c1a: folds
89a15dcf: folds
f5c402e4: folds
7f3ab1e7: raises 2,000 to 4,000
Hero: folds
a4ad31f7: raises 8,000 to 12,000
a5c970a2: folds
d7a2e12d: folds
7f3ab1e7: calls 8,000
*** FLOP *** [4h 7c Tc]
7f3ab1e7: checks
a4ad31f7: bets 62,350 and is all-in
7f3ab1e7: folds
Uncalled bet (62,350) returned to a4ad31f7
*** SHOWDOWN ***
a4ad31f7 collected 29,000 from pot
*** SUMMARY ***
Total pot 29,000 | Rake 0 | Jackpot 0 | Bingo 0 | Fortune 0 | Tax 0
Board [4h 7c Tc]
Seat 1: d7a2e12d (big blind) folded before Flop
Seat 2: 833d2c1a folded before Flop
Seat 3: 89a15dcf folded before Flop
Seat 4: f5c402e4 folded before Flop
Seat 5: 7f3ab1e7 folded on the Flop
Seat 6: Hero folded before Flop
Seat 7: a4ad31f7 (button) won (29,000)
Seat 8: a5c970a2 (small blind) folded before Flop


Poker Hand #TM5336774846: Tournament #248716921, Fifty Stack $5.50 Hold'em No Limit - Level12(1,000/2,000) - 2025/12/16 19:41:37
Table '37' 8-max Seat #6 is the button
Seat 2: 833d2c1a (11,880 in chips)
Seat 3: 89a15dcf (74,340 in chips)
Seat 4: f5c402e4 (118,508 in chips)
Seat 5: 7f3ab1e7 (79,036 in chips)
Seat 6: Hero (30,113 in chips)
Seat 7: a4ad31f7 (62,562 in chips)
Seat 8: a5c970a2 (57,468 in chips)
Hero: posts the ante 250
f5c402e4: posts the ante 250
a5c970a2: posts the ante 250
89a15dcf: posts the ante 250
7f3ab1e7: posts the ante 250
833d2c1a: posts the ante 250
a4ad31f7: posts the ante 250
a4ad31f7: posts small blind 1,000
a5c970a2: posts big blind 2,000
*** HOLE CARDS ***
Dealt to 833d2c1a 
Dealt to 89a15dcf 
Dealt to f5c402e4 
Dealt to 7f3ab1e7 
Dealt to Hero [Js 7d]
Dealt to a4ad31f7 
Dealt to a5c970a2 
833d2c1a: folds
89a15dcf: folds
f5c402e4: folds
7f3ab1e7: folds
Hero: folds
a4ad31f7: raises 4,000 to 6,000
a5c970a2: calls 4,000
*** FLOP *** [Kh 3s Ah]
a4ad31f7: bets 4,538
a5c970a2: calls 4,538
*** TURN *** [Kh 3s Ah] [Ts]
a4ad31f7: bets 17,120
a5c970a2: folds
Uncalled bet (17,120) returned to a4ad31f7
*** SHOWDOWN ***
a4ad31f7 collected 22,826 from pot
*** SUMMARY ***
Total pot 22,826 | Rake 0 | Jackpot 0 | Bingo 0 | Fortune 0 | Tax 0
Board [Kh 3s Ah Ts]
Seat 2: 833d2c1a folded before Flop
Seat 3: 89a15dcf folded before Flop
Seat 4: f5c402e4 folded before Flop
Seat 5: 7f3ab1e7 folded before Flop
Seat 6: Hero (button) folded before Flop
Seat 7: a4ad31f7 (small blind) won (22,826)
Seat 8: a5c970a2 (big blind) folded on the Turn


Poker Hand #TM5336774839: Tournament #248716921, Fifty Stack $5.50 Hold'em No Limit - Level12(1,000/2,000) - 2025/12/16 19:41:15
Table '37' 8-max Seat #5 is the button
Seat 2: 833d2c1a (12,130 in chips)
Seat 3: 89a15dcf (74,590 in chips)
Seat 4: f5c402e4 (118,758 in chips)
Seat 5: 7f3ab1e7 (79,286 in chips)
Seat 6: Hero (31,363 in chips)
Seat 7: a4ad31f7 (60,062 in chips)
Seat 8: a5c970a2 (57,718 in chips)
Hero: posts the ante 250
f5c402e4: posts the ante 250
a5c970a2: posts the ante 250
89a15dcf: posts the ante 250
7f3ab1e7: posts the ante 250
833d2c1a: posts the ante 250
a4ad31f7: posts the ante 250
Hero: posts small blind 1,000
a4ad31f7: posts big blind 2,000
*** HOLE CARDS ***
Dealt to 833d2c1a 
Dealt to 89a15dcf 
Dealt to f5c402e4 
Dealt to 7f3ab1e7 
Dealt to Hero [6h Jc]
Dealt to a4ad31f7 
Dealt to a5c970a2 
a5c970a2: folds
833d2c1a: folds
89a15dcf: folds
f5c402e4: folds
7f3ab1e7: folds
Hero: folds
Uncalled bet (1,000) returned to a4ad31f7
*** SHOWDOWN ***
a4ad31f7 collected 3,750 from pot
*** SUMMARY ***
Total pot 3,750 | Rake 0 | Jackpot 0 | Bingo 0 | Fortune 0 | Tax 0
Seat 2: 833d2c1a folded before Flop
Seat 3: 89a15dcf folded before Flop
Seat 4: f5c402e4 folded before Flop
Seat 5: 7f3ab1e7 (button) folded before Flop
Seat 6: Hero (small blind) folded before Flop
Seat 7: a4ad31f7 (big blind) collected (3,750)
Seat 8: a5c970a2 folded before Flop


Poker Hand #TM5336774831: Tournament #248716921, Fifty Stack $5.50 Hold'em No Limit - Level12(1,000/2,000) - 2025/12/16 19:40:49
Table '37' 8-max Seat #4 is the button
Seat 2: 833d2c1a (12,380 in chips)
Seat 3: 89a15dcf (70,090 in chips)
Seat 4: f5c402e4 (119,008 in chips)
Seat 5: 7f3ab1e7 (80,536 in chips)
Seat 6: Hero (33,613 in chips)
Seat 7: a4ad31f7 (60,312 in chips)
Seat 8: a5c970a2 (57,968 in chips)
Hero: posts the ante 250
f5c402e4: posts the ante 250
a5c970a2: posts the ante 250
89a15dcf: posts the ante 250
833d2c1a: posts the ante 250
7f3ab1e7: posts the ante 250
a4ad31f7: posts the ante 250
7f3ab1e7: posts small blind 1,000
Hero: posts big blind 2,000
*** HOLE CARDS ***
Dealt to 833d2c1a 
Dealt to 89a15dcf 
Dealt to f5c402e4 
Dealt to 7f3ab1e7 
Dealt to Hero [Ks 3c]
Dealt to a4ad31f7 
Dealt to a5c970a2 
a4ad31f7: folds
a5c970a2: folds
833d2c1a: folds
89a15dcf: raises 2,000 to 4,000
f5c402e4: folds
7f3ab1e7: folds
Hero: folds
Uncalled bet (2,000) returned to 89a15dcf
*** SHOWDOWN ***
89a15dcf collected 6,750 from pot
*** SUMMARY ***
Total pot 6,750 | Rake 0 | Jackpot 0 | Bingo 0 | Fortune 0 | Tax 0
Seat 2: 833d2c1a folded before Flop
Seat 3: 89a15dcf collected (6,750)
Seat 4: f5c402e4 (button) folded before Flop
Seat 5: 7f3ab1e7 (small blind) folded before Flop
Seat 6: Hero (big blind) folded before Flop
Seat 7: a4ad31f7 folded before Flop
Seat 8: a5c970a2 folded before Flop


Poker Hand #TM5336774810: Tournament #248716921, Fifty Stack $5.50 Hold'em No Limit - Level12(1,000/2,000) - 2025/12/16 19:39:46
Table '37' 8-max Seat #3 is the button
Seat 1: a72df150 (38,685 in chips)
Seat 2: 833d2c1a (12,630 in chips)
Seat 3: 89a15dcf (70,340 in chips)
Seat 4: f5c402e4 (120,258 in chips)
Seat 5: 7f3ab1e7 (39,351 in chips)
Seat 6: Hero (33,863 in chips)
Seat 7: a4ad31f7 (60,562 in chips)
Seat 8: a5c970a2 (58,218 in chips)
a72df150: posts the ante 250
Hero: posts the ante 250
a5c970a2: posts the ante 250
f5c402e4: posts the ante 250
89a15dcf: posts the ante 250
833d2c1a: posts the ante 250
7f3ab1e7: posts the ante 250
a4ad31f7: posts the ante 250
f5c402e4: posts small blind 1,000
7f3ab1e7: posts big blind 2,000
*** HOLE CARDS ***
Dealt to a72df150 
Dealt to 833d2c1a 
Dealt to 89a15dcf 
Dealt to f5c402e4 
Dealt to 7f3ab1e7 
Dealt to Hero [9h Qs]
Dealt to a4ad31f7 
Dealt to a5c970a2 
Hero: folds
a4ad31f7: folds
a5c970a2: folds
a72df150: raises 2,000 to 4,000
833d2c1a: folds
89a15dcf: folds
f5c402e4: folds
7f3ab1e7: raises 35,101 to 39,101 and is all-in
a72df150: calls 34,435 and is all-in
Uncalled bet (666) returned to 7f3ab1e7
7f3ab1e7: shows [8s 8d]
a72df150: shows [Js Ad]
*** FLOP *** [Th Td Kh]
*** TURN *** [Th Td Kh] [2c]
*** RIVER *** [Th Td Kh 2c] [2s]
*** SHOWDOWN ***
7f3ab1e7 collected 79,870 from pot
*** SUMMARY ***
Total pot 79,870 | Rake 0 | Jackpot 0 | Bingo 0 | Fortune 0 | Tax 0
Board [Th Td Kh 2c 2s]
Seat 1: a72df150 showed [Js Ad] and lost with two pair, Tens and Twos
Seat 2: 833d2c1a folded before Flop
Seat 3: 89a15dcf (button) folded before Flop
Seat 4: f5c402e4 (small blind) folded before Flop
Seat 5: 7f3ab1e7 (big blind) showed [8s 8d] and won (79,870) with two pair, Tens and Eights
Seat 6: Hero folded before Flop
Seat 7: a4ad31f7 folded before Flop
Seat 8: a5c970a2 folded before Flop


Poker Hand #TM5336774792: Tournament #248716921, Fifty Stack $5.50 Hold'em No Limit - Level11(800/1,600) - 2025/12/16 19:38:53
Table '37' 8-max Seat #2 is the button
Seat 1: a72df150 (38,885 in chips)
Seat 2: 833d2c1a (46,400 in chips)
Seat 3: 89a15dcf (33,770 in chips)
Seat 4: f5c402e4 (122,058 in chips)
Seat 5: 7f3ab1e7 (39,551 in chips)
Seat 6: Hero (34,063 in chips)
Seat 7: a4ad31f7 (60,762 in chips)
Seat 8: a5c970a2 (58,418 in chips)
a72df150: posts the ante 200
Hero: posts the ante 200
a5c970a2: posts the ante 200
f5c402e4: posts the ante 200
89a15dcf: posts the ante 200
833d2c1a: posts the ante 200
7f3ab1e7: posts the ante 200
a4ad31f7: posts the ante 200
89a15dcf: posts small blind 800
f5c402e4: posts big blind 1,600
*** HOLE CARDS ***
Dealt to a72df150 
Dealt to 833d2c1a 
Dealt to 89a15dcf 
Dealt to f5c402e4 
Dealt to 7f3ab1e7 
Dealt to Hero [Jc 6c]
Dealt to a4ad31f7 
Dealt to a5c970a2 
7f3ab1e7: folds
Hero: folds
a4ad31f7: folds
a5c970a2: folds
a72df150: folds
833d2c1a: raises 3,200 to 4,800
89a15dcf: raises 28,770 to 33,570 and is all-in
f5c402e4: folds
833d2c1a: calls 28,770
89a15dcf: shows [Kh Jh]
833d2c1a: shows [Kd Ad]
*** FLOP *** [9c 6s Js]
*** TURN *** [9c 6s Js] [2s]
*** RIVER *** [9c 6s Js 2s] [Qc]
a72df150: shows [Jd 6h] (two pair, Jacks and Sixes)
*** SHOWDOWN ***
89a15dcf collected 70,340 from pot
*** SUMMARY ***
Total pot 70,340 | Rake 0 | Jackpot 0 | Bingo 0 | Fortune 0 | Tax 0
Board [9c 6s Js 2s Qc]
Seat 1: a72df150 folded before Flop
Seat 2: 833d2c1a (button) showed [Kd Ad] and lost with Ace high
Seat 3: 89a15dcf (small blind) showed [Kh Jh] and won (70,340) with a pair of Jacks
Seat 4: f5c402e4 (big blind) folded before Flop
Seat 5: 7f3ab1e7 folded before Flop
Seat 6: Hero folded before Flop
Seat 7: a4ad31f7 folded before Flop
Seat 8: a5c970a2 folded before Flop


Poker Hand #TM5336774780: Tournament #248716921, Fifty Stack $5.50 Hold'em No Limit - Level11(800/1,600) - 2025/12/16 19:38:25
Table '37' 8-max Seat #1 is the button
Seat 1: a72df150 (39,085 in chips)
Seat 2: 833d2c1a (47,400 in chips)
Seat 3: 89a15dcf (31,570 in chips)
Seat 4: f5c402e4 (122,258 in chips)
Seat 5: 7f3ab1e7 (39,751 in chips)
Seat 6: Hero (34,263 in chips)
Seat 7: a4ad31f7 (60,962 in chips)
Seat 8: a5c970a2 (58,618 in chips)
a72df150: posts the ante 200
Hero: posts the ante 200
a5c970a2: posts the ante 200
f5c402e4: posts the ante 200
89a15dcf: posts the ante 200
7f3ab1e7: posts the ante 200
833d2c1a: posts the ante 200
a4ad31f7: posts the ante 200
833d2c1a: posts small blind 800
89a15dcf: posts big blind 1,600
*** HOLE CARDS ***
Dealt to a72df150 
Dealt to 833d2c1a 
Dealt to 89a15dcf 
Dealt to f5c402e4 
Dealt to 7f3ab1e7 
Dealt to Hero [5h 4s]
Dealt to a4ad31f7 
Dealt to a5c970a2 
f5c402e4: folds
7f3ab1e7: folds
Hero: folds
a4ad31f7: folds
a5c970a2: folds
a72df150: folds
833d2c1a: folds
Uncalled bet (800) returned to 89a15dcf
*** SHOWDOWN ***
89a15dcf collected 3,200 from pot
*** SUMMARY ***
Total pot 3,200 | Rake 0 | Jackpot 0 | Bingo 0 | Fortune 0 | Tax 0
Seat 1: a72df150 (button) folded before Flop
Seat 2: 833d2c1a (small blind) folded before Flop
Seat 3: 89a15dcf (big blind) collected (3,200)
Seat 4: f5c402e4 folded before Flop
Seat 5: 7f3ab1e7 folded before Flop
Seat 6: Hero folded before Flop
Seat 7: a4ad31f7 folded before Flop
Seat 8: a5c970a2 folded before Flop


Poker Hand #TM5336774758: Tournament #248716921, Fifty Stack $5.50 Hold'em No Limit - Level11(800/1,600) - 2025/12/16 19:37:25
Table '37' 8-max Seat #8 is the button
Seat 1: a72df150 (40,085 in chips)
Seat 2: 833d2c1a (49,200 in chips)
Seat 3: 89a15dcf (31,770 in chips)
Seat 4: f5c402e4 (112,058 in chips)
Seat 5: 7f3ab1e7 (39,951 in chips)
Seat 6: Hero (40,863 in chips)
Seat 7: a4ad31f7 (61,162 in chips)
Seat 8: a5c970a2 (58,818 in chips)
a72df150: posts the ante 200
Hero: posts the ante 200
a5c970a2: posts the ante 200
f5c402e4: posts the ante 200
89a15dcf: posts the ante 200
7f3ab1e7: posts the ante 200
833d2c1a: posts the ante 200
a4ad31f7: posts the ante 200
a72df150: posts small blind 800
833d2c1a: posts big blind 1,600
*** HOLE CARDS ***
Dealt to a72df150 
Dealt to 833d2c1a 
Dealt to 89a15dcf 
Dealt to f5c402e4 
Dealt to 7f3ab1e7 
Dealt to Hero [Ks Ah]
Dealt to a4ad31f7 
Dealt to a5c970a2 
89a15dcf: folds
f5c402e4: calls 1,600
7f3ab1e7: folds
Hero: raises 3,200 to 4,800
a4ad31f7: folds
a5c970a2: folds
a72df150: folds
833d2c1a: folds
f5c402e4: calls 3,200
*** FLOP *** [3h Td 9s]
f5c402e4: bets 1,600
Hero: calls 1,600
*** TURN *** [3h Td 9s] [6c]
f5c402e4: bets 3,200
Hero: folds
Uncalled bet (3,200) returned to f5c402e4
*** SHOWDOWN ***
f5c402e4 collected 16,800 from pot
*** SUMMARY ***
Total pot 16,800 | Rake 0 | Jackpot 0 | Bingo 0 | Fortune 0 | Tax 0
Board [3h Td 9s 6c]
Seat 1: a72df150 (small blind) folded before Flop
Seat 2: 833d2c1a (big blind) folded before Flop
Seat 3: 89a15dcf folded before Flop
Seat 4: f5c402e4 won (16,800)
Seat 5: 7f3ab1e7 folded before Flop
Seat 6: Hero folded on the Turn
Seat 7: a4ad31f7 folded before Flop
Seat 8: a5c970a2 (button) folded before Flop


Poker Hand #TM5336774736: Tournament #248716921, Fifty Stack $5.50 Hold'em No Limit - Level11(800/1,600) - 2025/12/16 19:36:30
Table '37' 8-max Seat #7 is the button
Seat 1: a72df150 (41,885 in chips)
Seat 2: 833d2c1a (49,400 in chips)
Seat 3: 89a15dcf (38,370 in chips)
Seat 4: f5c402e4 (101,858 in chips)
Seat 5: 7f3ab1e7 (40,151 in chips)
Seat 6: Hero (41,063 in chips)
Seat 7: a4ad31f7 (61,362 in chips)
Seat 8: a5c970a2 (59,818 in chips)
a72df150: posts the ante 200
Hero: posts the ante 200
f5c402e4: posts the ante 200
a5c970a2: posts the ante 200
89a15dcf: posts the ante 200
7f3ab1e7: posts the ante 200
833d2c1a: posts the ante 200
a4ad31f7: posts the ante 200
a5c970a2: posts small blind 800
a72df150: posts big blind 1,600
*** HOLE CARDS ***
Dealt to a72df150 
Dealt to 833d2c1a 
Dealt to 89a15dcf 
Dealt to f5c402e4 
Dealt to 7f3ab1e7 
Dealt to Hero [4c 5h]
Dealt to a4ad31f7 
Dealt to a5c970a2 
833d2c1a: folds
89a15dcf: raises 1,600 to 3,200
f5c402e4: calls 3,200
7f3ab1e7: folds
Hero: folds
a4ad31f7: folds
a5c970a2: folds
a72df150: folds
*** FLOP *** [4s 4h 6d]
89a15dcf: checks
f5c402e4: checks
*** TURN *** [4s 4h 6d] [9d]
89a15dcf: checks
f5c402e4: bets 3,200
89a15dcf: calls 3,200
*** RIVER *** [4s 4h 6d 9d] [8c]
89a15dcf: checks
f5c402e4: checks
89a15dcf: shows [As Jd] (a pair of Fours)
f5c402e4: shows [9h Jh] (two pair, Nines and Fours)
*** SHOWDOWN ***
f5c402e4 collected 16,800 from pot
*** SUMMARY ***
Total pot 16,800 | Rake 0 | Jackpot 0 | Bingo 0 | Fortune 0 | Tax 0
Board [4s 4h 6d 9d 8c]
Seat 1: a72df150 (big blind) folded before Flop
Seat 2: 833d2c1a folded before Flop
Seat 3: 89a15dcf showed [As Jd] and lost with a pair of Fours
Seat 4: f5c402e4 showed [9h Jh] and won (16,800) with two pair, Nines and Fours
Seat 5: 7f3ab1e7 folded before Flop
Seat 6: Hero folded before Flop
Seat 7: a4ad31f7 (button) folded before Flop
Seat 8: a5c970a2 (small blind) folded before Flop


Poker Hand #TM5336774721: Tournament #248716921, Fifty Stack $5.50 Hold'em No Limit - Level11(800/1,600) - 2025/12/16 19:35:48
Table '37' 8-max Seat #6 is the button
Seat 1: a72df150 (42,085 in chips)
Seat 2: 833d2c1a (49,600 in chips)
Seat 3: 89a15dcf (38,570 in chips)
Seat 4: f5c402e4 (102,058 in chips)
Seat 5: 7f3ab1e7 (31,847 in chips)
Seat 6: Hero (41,263 in chips)
Seat 7: a4ad31f7 (62,362 in chips)
Seat 8: a5c970a2 (66,122 in chips)
a72df150: posts the ante 200
Hero: posts the ante 200
f5c402e4: posts the ante 200
a5c970a2: posts the ante 200
89a15dcf: posts the ante 200
7f3ab1e7: posts the ante 200
833d2c1a: posts the ante 200
a4ad31f7: posts the ante 200
a4ad31f7: posts small blind 800
a5c970a2: posts big blind 1,600
*** HOLE CARDS ***
Dealt to a72df150 
Dealt to 833d2c1a 
Dealt to 89a15dcf 
Dealt to f5c402e4 
Dealt to 7f3ab1e7 
Dealt to Hero [2s 4h]
Dealt to a4ad31f7 
Dealt to a5c970a2 
a72df150: folds
833d2c1a: folds
89a15dcf: folds
f5c402e4: folds
7f3ab1e7: raises 1,600 to 3,200
Hero: folds
a4ad31f7: folds
a5c970a2: calls 1,600
*** FLOP *** [5d Ah Kh]
a5c970a2: checks
7f3ab1e7: bets 2,904
a5c970a2: calls 2,904
*** TURN *** [5d Ah Kh] [6c]
a5c970a2: checks
7f3ab1e7: bets 7,304
a5c970a2: folds
Uncalled bet (7,304) returned to 7f3ab1e7
*** SHOWDOWN ***
7f3ab1e7 collected 14,608 from pot
*** SUMMARY ***
Total pot 14,608 | Rake 0 | Jackpot 0 | Bingo 0 | Fortune 0 | Tax 0
Board [5d Ah Kh 6c]
Seat 1: a72df150 folded before Flop
Seat 2: 833d2c1a folded before Flop
Seat 3: 89a15dcf folded before Flop
Seat 4: f5c402e4 folded before Flop
Seat 5: 7f3ab1e7 won (14,608)
Seat 6: Hero (button) folded before Flop
Seat 7: a4ad31f7 (small blind) folded before Flop
Seat 8: a5c970a2 (big blind) folded on the Turn


Poker Hand #TM5336774685: Tournament #248716921, Fifty Stack $5.50 Hold'em No Limit - Level11(800/1,600) - 2025/12/16 19:34:24
Table '37' 8-max Seat #5 is the button
Seat 1: a72df150 (42,285 in chips)
Seat 2: 833d2c1a (49,800 in chips)
Seat 3: 89a15dcf (38,770 in chips)
Seat 4: f5c402e4 (102,258 in chips)
Seat 5: 7f3ab1e7 (46,519 in chips)
Seat 6: Hero (42,263 in chips)
Seat 7: a4ad31f7 (45,690 in chips)
Seat 8: a5c970a2 (66,322 in chips)
a72df150: posts the ante 200
Hero: posts the ante 200
f5c402e4: posts the ante 200
a5c970a2: posts the ante 200
89a15dcf: posts the ante 200
7f3ab1e7: posts the ante 200
833d2c1a: posts the ante 200
a4ad31f7: posts the ante 200
Hero: posts small blind 800
a4ad31f7: posts big blind 1,600
*** HOLE CARDS ***
Dealt to a72df150 
Dealt to 833d2c1a 
Dealt to 89a15dcf 
Dealt to f5c402e4 
Dealt to 7f3ab1e7 
Dealt to Hero [2s 9s]
Dealt to a4ad31f7 
Dealt to a5c970a2 
a5c970a2: folds
a72df150: folds
833d2c1a: folds
89a15dcf: folds
f5c402e4: folds
7f3ab1e7: raises 1,920 to 3,520
Hero: folds
a4ad31f7: calls 1,920
*** FLOP *** [8h 8s 2c]
a4ad31f7: checks
7f3ab1e7: bets 3,116
a4ad31f7: calls 3,116
*** TURN *** [8h 8s 2c] [Th]
a4ad31f7: checks
7f3ab1e7: bets 7,836
a4ad31f7: calls 7,836
*** RIVER *** [8h 8s 2c Th] [Ks]
a4ad31f7: checks
7f3ab1e7: checks
a4ad31f7: shows [Qh Kh] (two pair, Kings and Eights)
7f3ab1e7: shows [Qd Ac] (a pair of Eights)
*** SHOWDOWN ***
a4ad31f7 collected 31,344 from pot
*** SUMMARY ***
Total pot 31,344 | Rake 0 | Jackpot 0 | Bingo 0 | Fortune 0 | Tax 0
Board [8h 8s 2c Th Ks]
Seat 1: a72df150 folded before Flop
Seat 2: 833d2c1a folded before Flop
Seat 3: 89a15dcf folded before Flop
Seat 4: f5c402e4 folded before Flop
Seat 5: 7f3ab1e7 (button) showed [Qd Ac] and lost with a pair of Eights
Seat 6: Hero (small blind) folded before Flop
Seat 7: a4ad31f7 (big blind) showed [Qh Kh] and won (31,344) with two pair, Kings and Eights
Seat 8: a5c970a2 folded before Flop


Poker Hand #TM5336774679: Tournament #248716921, Fifty Stack $5.50 Hold'em No Limit - Level11(800/1,600) - 2025/12/16 19:33:58
Table '37' 8-max Seat #4 is the button
Seat 1: a72df150 (42,485 in chips)
Seat 2: 833d2c1a (50,000 in chips)
Seat 3: 89a15dcf (38,970 in chips)
Seat 4: f5c402e4 (102,458 in chips)
Seat 5: 7f3ab1e7 (47,519 in chips)
Seat 6: Hero (44,063 in chips)
Seat 7: a4ad31f7 (45,890 in chips)
Seat 8: a5c970a2 (62,522 in chips)
a72df150: posts the ante 200
Hero: posts the ante 200
f5c402e4: posts the ante 200
a5c970a2: posts the ante 200
89a15dcf: posts the ante 200
833d2c1a: posts the ante 200
7f3ab1e7: posts the ante 200
a4ad31f7: posts the ante 200
7f3ab1e7: posts small blind 800
Hero: posts big blind 1,600
*** HOLE CARDS ***
Dealt to a72df150 
Dealt to 833d2c1a 
Dealt to 89a15dcf 
Dealt to f5c402e4 
Dealt to 7f3ab1e7 
Dealt to Hero [2h Kd]
Dealt to a4ad31f7 
Dealt to a5c970a2 
a4ad31f7: folds
a5c970a2: raises 1,600 to 3,200
a72df150: folds
833d2c1a: folds
89a15dcf: folds
f5c402e4: folds
7f3ab1e7: folds
Hero: folds
Uncalled bet (1,600) returned to a5c970a2
*** SHOWDOWN ***
a5c970a2 collected 5,600 from pot
*** SUMMARY ***
Total pot 5,600 | Rake 0 | Jackpot 0 | Bingo 0 | Fortune 0 | Tax 0
Seat 1: a72df150 folded before Flop
Seat 2: 833d2c1a folded before Flop
Seat 3: 89a15dcf folded before Flop
Seat 4: f5c402e4 (button) folded before Flop
Seat 5: 7f3ab1e7 (small blind) folded before Flop
Seat 6: Hero (big blind) folded before Flop
Seat 7: a4ad31f7 folded before Flop
Seat 8: a5c970a2 collected (5,600)


Poker Hand #TM5336774647: Tournament #248716921, Fifty Stack $5.50 Hold'em No Limit - Level11(800/1,600) - 2025/12/16 19:32:43
Table '37' 8-max Seat #3 is the button
Seat 1: a72df150 (42,685 in chips)
Seat 3: 89a15dcf (39,170 in chips)
Seat 4: f5c402e4 (103,458 in chips)
Seat 5: 7f3ab1e7 (77,880 in chips)
Seat 6: Hero (44,263 in chips)
Seat 7: a4ad31f7 (46,090 in chips)
Seat 8: a5c970a2 (30,361 in chips)
a72df150: posts the ante 200
Hero: posts the ante 200
a5c970a2: posts the ante 200
f5c402e4: posts the ante 200
89a15dcf: posts the ante 200
7f3ab1e7: posts the ante 200
a4ad31f7: posts the ante 200
f5c402e4: posts small blind 800
7f3ab1e7: posts big blind 1,600
*** HOLE CARDS ***
Dealt to a72df150 
Dealt to 89a15dcf 
Dealt to f5c402e4 
Dealt to 7f3ab1e7 
Dealt to Hero [Jc 2d]
Dealt to a4ad31f7 
Dealt to a5c970a2 
Hero: folds
a4ad31f7: folds
a5c970a2: raises 1,600 to 3,200
a72df150: folds
89a15dcf: folds
f5c402e4: folds
7f3ab1e7: calls 1,600
*** FLOP *** [5s 5c 7s]
7f3ab1e7: checks
a5c970a2: bets 2,838
7f3ab1e7: calls 2,838
*** TURN *** [5s 5c 7s] [Qs]
7f3ab1e7: checks
a5c970a2: bets 7,138
7f3ab1e7: calls 7,138
*** RIVER *** [5s 5c 7s Qs] [Kd]
7f3ab1e7: checks
a5c970a2: bets 16,985 and is all-in
7f3ab1e7: calls 16,985
a5c970a2: shows [Ac As] (two pair, Aces and Fives)
7f3ab1e7: shows [9c 9d] (two pair, Nines and Fives)
*** SHOWDOWN ***
a5c970a2 collected 62,522 from pot
*** SUMMARY ***
Total pot 62,522 | Rake 0 | Jackpot 0 | Bingo 0 | Fortune 0 | Tax 0
Board [5s 5c 7s Qs Kd]
Seat 1: a72df150 folded before Flop
Seat 3: 89a15dcf (button) folded before Flop
Seat 4: f5c402e4 (small blind) folded before Flop
Seat 5: 7f3ab1e7 (big blind) showed [9c 9d] and lost with two pair, Nines and Fives
Seat 6: Hero folded before Flop
Seat 7: a4ad31f7 folded before Flop
Seat 8: a5c970a2 showed [Ac As] and won (62,522) with two pair, Aces and Fives


Poker Hand #TM5336774626: Tournament #248716921, Fifty Stack $5.50 Hold'em No Limit - Level11(800/1,600) - 2025/12/16 19:31:51
Table '37' 8-max Seat #2 is the button
Seat 1: a72df150 (42,885 in chips)
Seat 2: 7af6738a (17,292 in chips)
Seat 3: 89a15dcf (40,170 in chips)
Seat 4: f5c402e4 (80,806 in chips)
Seat 5: 7f3ab1e7 (78,080 in chips)
Seat 6: Hero (44,463 in chips)
Seat 7: a4ad31f7 (49,650 in chips)
Seat 8: a5c970a2 (30,561 in chips)
7af6738a: posts the ante 200
a72df150: posts the ante 200
Hero: posts the ante 200
a5c970a2: posts the ante 200
f5c402e4: posts the ante 200
89a15dcf: posts the ante 200
7f3ab1e7: posts the ante 200
a4ad31f7: posts the ante 200
89a15dcf: posts small blind 800
f5c402e4: posts big blind 1,600
*** HOLE CARDS ***
Dealt to a72df150 
Dealt to 7af6738a 
Dealt to 89a15dcf 
Dealt to f5c402e4 
Dealt to 7f3ab1e7 
Dealt to Hero [Qc Td]
Dealt to a4ad31f7 
Dealt to a5c970a2 
7f3ab1e7: folds
Hero: folds
a4ad31f7: raises 1,760 to 3,360
a5c970a2: folds
a72df150: folds
7af6738a: raises 13,732 to 17,092 and is all-in
89a15dcf: folds
f5c402e4: calls 15,492
a4ad31f7: folds
7af6738a: shows [9h As]
f5c402e4: shows [7d 7c]
*** FLOP *** [7s Jd Qd]
*** TURN *** [7s Jd Qd] [Th]
*** RIVER *** [7s Jd Qd Th] [9d]
*** SHOWDOWN ***
f5c402e4 collected 39,944 from pot
*** SUMMARY ***
Total pot 39,944 | Rake 0 | Jackpot 0 | Bingo 0 | Fortune 0 | Tax 0
Board [7s Jd Qd Th 9d]
Seat 1: a72df150 folded before Flop
Seat 2: 7af6738a (button) showed [9h As] and lost with a pair of Nines
Seat 3: 89a15dcf (small blind) folded before Flop
Seat 4: f5c402e4 (big blind) showed [7d 7c] and won (39,944) with three of a kind, Sevens
Seat 5: 7f3ab1e7 folded before Flop
Seat 6: Hero folded before Flop
Seat 7: a4ad31f7 folded before Flop
Seat 8: a5c970a2 folded before Flop


Poker Hand #TM5336774593: Tournament #248716921, Fifty Stack $5.50 Hold'em No Limit - Level10(700/1,400) - 2025/12/16 19:30:31
Table '37' 8-max Seat #1 is the button
Seat 1: a72df150 (43,060 in chips)
Seat 2: 7af6738a (22,115 in chips)
Seat 3: 89a15dcf (32,897 in chips)
Seat 4: f5c402e4 (82,381 in chips)
Seat 5: 7f3ab1e7 (78,255 in chips)
Seat 6: Hero (44,638 in chips)
Seat 7: a4ad31f7 (49,825 in chips)
Seat 8: a5c970a2 (30,736 in chips)
7af6738a: posts the ante 175
a72df150: posts the ante 175
Hero: posts the ante 175
a5c970a2: posts the ante 175
f5c402e4: posts the ante 175
89a15dcf: posts the ante 175
7f3ab1e7: posts the ante 175
a4ad31f7: posts the ante 175
7af6738a: posts small blind 700
89a15dcf: posts big blind 1,400
*** HOLE CARDS ***
Dealt to a72df150 
Dealt to 7af6738a 
Dealt to 89a15dcf 
Dealt to f5c402e4 
Dealt to 7f3ab1e7 
Dealt to Hero [Jc 9d]
Dealt to a4ad31f7 
Dealt to a5c970a2 
f5c402e4: calls 1,400
7f3ab1e7: folds
Hero: folds
a4ad31f7: folds
a5c970a2: folds
a72df150: folds
7af6738a: calls 700
89a15dcf: checks
*** FLOP *** [8s 7d 5c]
7af6738a: checks
89a15dcf: checks
f5c402e4: checks
*** TURN *** [8s 7d 5c] [4d]
7af6738a: bets 3,248
89a15dcf: calls 3,248
f5c402e4: folds
*** RIVER *** [8s 7d 5c 4d] [5h]
7af6738a: checks
89a15dcf: bets 10,282
7af6738a: folds
Uncalled bet (10,282) returned to 89a15dcf
*** SHOWDOWN ***
89a15dcf collected 12,096 from pot
*** SUMMARY ***
Total pot 12,096 | Rake 0 | Jackpot 0 | Bingo 0 | Fortune 0 | Tax 0
Board [8s 7d 5c 4d 5h]
Seat 1: a72df150 (button) folded before Flop
Seat 2: 7af6738a (small blind) folded on the River
Seat 3: 89a15dcf (big blind) won (12,096)
Seat 4: f5c402e4 folded on the Turn
Seat 5: 7f3ab1e7 folded before Flop
Seat 6: Hero folded before Flop
Seat 7: a4ad31f7 folded before Flop
Seat 8: a5c970a2 folded before Flop


Poker Hand #TM5336774584: Tournament #248716921, Fifty Stack $5.50 Hold'em No Limit - Level10(700/1,400) - 2025/12/16 19:30:06
Table '37' 8-max Seat #8 is the button
Seat 1: a72df150 (43,935 in chips)
Seat 2: 7af6738a (23,690 in chips)
Seat 3: 89a15dcf (29,572 in chips)
Seat 4: f5c402e4 (82,556 in chips)
Seat 5: 7f3ab1e7 (78,430 in chips)
Seat 6: Hero (44,813 in chips)
Seat 7: a4ad31f7 (50,000 in chips)
Seat 8: a5c970a2 (30,911 in chips)
7af6738a: posts the ante 175
a72df150: posts the ante 175
Hero: posts the ante 175
a5c970a2: posts the ante 175
f5c402e4: posts the ante 175
89a15dcf: posts the ante 175
7f3ab1e7: posts the ante 175
a4ad31f7: posts the ante 175
a72df150: posts small blind 700
7af6738a: posts big blind 1,400
*** HOLE CARDS ***
Dealt to a72df150 
Dealt to 7af6738a 
Dealt to 89a15dcf 
Dealt to f5c402e4 
Dealt to 7f3ab1e7 
Dealt to Hero [Qh Jc]
Dealt to a4ad31f7 
Dealt to a5c970a2 
89a15dcf: raises 1,400 to 2,800
f5c402e4: folds
7f3ab1e7: folds
Hero: folds
a4ad31f7: folds
a5c970a2: folds
a72df150: folds
7af6738a: folds
Uncalled bet (1,400) returned to 89a15dcf
*** SHOWDOWN ***
89a15dcf collected 4,900 from pot
*** SUMMARY ***
Total pot 4,900 | Rake 0 | Jackpot 0 | Bingo 0 | Fortune 0 | Tax 0
Seat 1: a72df150 (small blind) folded before Flop
Seat 2: 7af6738a (big blind) folded before Flop
Seat 3: 89a15dcf collected (4,900)
Seat 4: f5c402e4 folded before Flop
Seat 5: 7f3ab1e7 folded before Flop
Seat 6: Hero folded before Flop
Seat 7: a4ad31f7 folded before Flop
Seat 8: a5c970a2 (button) folded before Flop


Poker Hand #TM5336774563: Tournament #248716921, Fifty Stack $5.50 Hold'em No Limit - Level10(700/1,400) - 2025/12/16 19:29:22
Table '37' 8-max Seat #6 is the button
Seat 1: a72df150 (45,510 in chips)
Seat 2: 7af6738a (23,865 in chips)
Seat 3: 89a15dcf (29,747 in chips)
Seat 4: f5c402e4 (82,731 in chips)
Seat 5: 7f3ab1e7 (78,605 in chips)
Seat 6: Hero (21,269 in chips)
Seat 8: a5c970a2 (52,180 in chips)
7af6738a: posts the ante 175
a72df150: posts the ante 175
Hero: posts the ante 175
f5c402e4: posts the ante 175
a5c970a2: posts the ante 175
89a15dcf: posts the ante 175
7f3ab1e7: posts the ante 175
a5c970a2: posts small blind 700
a72df150: posts big blind 1,400
*** HOLE CARDS ***
Dealt to a72df150 
Dealt to 7af6738a 
Dealt to 89a15dcf 
Dealt to f5c402e4 
Dealt to 7f3ab1e7 
Dealt to Hero [Kc Ad]
Dealt to a5c970a2 
7af6738a: folds
89a15dcf: folds
f5c402e4: folds
7f3ab1e7: folds
Hero: raises 19,694 to 21,094 and is all-in
a5c970a2: calls 20,394
a72df150: folds
Hero: shows [Kc Ad]
a5c970a2: shows [3d Kh]
*** FLOP *** [9d Ac Ks]
*** TURN *** [9d Ac Ks] [8c]
*** RIVER *** [9d Ac Ks 8c] [6h]
*** SHOWDOWN ***
Hero collected 44,813 from pot
*** SUMMARY ***
Total pot 44,813 | Rake 0 | Jackpot 0 | Bingo 0 | Fortune 0 | Tax 0
Board [9d Ac Ks 8c 6h]
Seat 1: a72df150 (big blind) folded before Flop
Seat 2: 7af6738a folded before Flop
Seat 3: 89a15dcf folded before Flop
Seat 4: f5c402e4 folded before Flop
Seat 5: 7f3ab1e7 folded before Flop
Seat 6: Hero (button) showed [Kc Ad] and won (44,813) with two pair, Aces and Kings
Seat 8: a5c970a2 (small blind) showed [3d Kh] and lost with a pair of Kings


Poker Hand #TM5336774557: Tournament #248716921, Fifty Stack $5.50 Hold'em No Limit - Level10(700/1,400) - 2025/12/16 19:29:03
Table '37' 8-max Seat #5 is the button
Seat 1: a72df150 (45,685 in chips)
Seat 2: 7af6738a (20,715 in chips)
Seat 3: 89a15dcf (29,922 in chips)
Seat 4: f5c402e4 (82,906 in chips)
Seat 5: 7f3ab1e7 (78,780 in chips)
Seat 6: Hero (22,144 in chips)
Seat 8: a5c970a2 (53,755 in chips)
7af6738a: posts the ante 175
a72df150: posts the ante 175
Hero: posts the ante 175
f5c402e4: posts the ante 175
a5c970a2: posts the ante 175
89a15dcf: posts the ante 175
7f3ab1e7: posts the ante 175
Hero: posts small blind 700
a5c970a2: posts big blind 1,400
*** HOLE CARDS ***
Dealt to a72df150 
Dealt to 7af6738a 
Dealt to 89a15dcf 
Dealt to f5c402e4 
Dealt to 7f3ab1e7 
Dealt to Hero [Th 3h]
Dealt to a5c970a2 
a72df150: folds
7af6738a: raises 1,400 to 2,800
89a15dcf: folds
f5c402e4: folds
7f3ab1e7: folds
Hero: folds
a5c970a2: folds
Uncalled bet (1,400) returned to 7af6738a
*** SHOWDOWN ***
7af6738a collected 4,725 from pot
*** SUMMARY ***
Total pot 4,725 | Rake 0 | Jackpot 0 | Bingo 0 | Fortune 0 | Tax 0
Seat 1: a72df150 folded before Flop
Seat 2: 7af6738a collected (4,725)
Seat 3: 89a15dcf folded before Flop
Seat 4: f5c402e4 folded before Flop
Seat 5: 7f3ab1e7 (button) folded before Flop
Seat 6: Hero (small blind) folded before Flop
Seat 8: a5c970a2 (big blind) folded before Flop


Poker Hand #TM5336774531: Tournament #248716921, Fifty Stack $5.50 Hold'em No Limit - Level10(700/1,400) - 2025/12/16 19:27:55
Table '37' 8-max Seat #4 is the button
Seat 1: a72df150 (45,860 in chips)
Seat 2: 7af6738a (20,890 in chips)
Seat 3: 89a15dcf (49,872 in chips)
Seat 4: f5c402e4 (83,081 in chips)
Seat 5: 7f3ab1e7 (79,655 in chips)
Seat 6: Hero (23,719 in chips)
Seat 7: 90ec15c (88,762 in chips)
Seat 8: a5c970a2 (53,930 in chips)
7af6738a: posts the ante 175
a72df150: posts the ante 175
Hero: posts the ante 175
f5c402e4: posts the ante 175
a5c970a2: posts the ante 175
89a15dcf: posts the ante 175
7f3ab1e7: posts the ante 175
90ec15c: posts the ante 175
7f3ab1e7: posts small blind 700
Hero: posts big blind 1,400
*** HOLE CARDS ***
Dealt to a72df150 
Dealt to 7af6738a 
Dealt to 89a15dcf 
Dealt to f5c402e4 
Dealt to 7f3ab1e7 
Dealt to Hero [2s 6d]
Dealt to 90ec15c 
Dealt to a5c970a2 
90ec15c: calls 1,400
a5c970a2: folds
a72df150: folds
7af6738a: folds
89a15dcf: raises 5,600 to 7,000
f5c402e4: folds
7f3ab1e7: folds
Hero: folds
90ec15c: calls 5,600
*** FLOP *** [Ac 2h 7s]
90ec15c: checks
89a15dcf: bets 4,375
90ec15c: calls 4,375
*** TURN *** [Ac 2h 7s] [Td]
90ec15c: checks
89a15dcf: bets 8,400
90ec15c: raises 8,400 to 16,800
89a15dcf: folds
Uncalled bet (8,400) returned to 90ec15c
*** SHOWDOWN ***
90ec15c collected 43,050 from pot
*** SUMMARY ***
Total pot 43,050 | Rake 0 | Jackpot 0 | Bingo 0 | Fortune 0 | Tax 0
Board [Ac 2h 7s Td]
Seat 1: a72df150 folded before Flop
Seat 2: 7af6738a folded before Flop
Seat 3: 89a15dcf folded on the Turn
Seat 4: f5c402e4 (button) folded before Flop
Seat 5: 7f3ab1e7 (small blind) folded before Flop
Seat 6: Hero (big blind) folded before Flop
Seat 7: 90ec15c won (43,050)
Seat 8: a5c970a2 folded before Flop


Poker Hand #TM5336774525: Tournament #248716921, Fifty Stack $5.50 Hold'em No Limit - Level10(700/1,400) - 2025/12/16 19:27:35
Table '37' 8-max Seat #3 is the button
Seat 1: a72df150 (46,035 in chips)
Seat 2: 7af6738a (17,565 in chips)
Seat 3: 89a15dcf (50,047 in chips)
Seat 4: f5c402e4 (83,956 in chips)
Seat 5: 7f3ab1e7 (81,230 in chips)
Seat 6: Hero (23,894 in chips)
Seat 7: 90ec15c (88,937 in chips)
Seat 8: a5c970a2 (54,105 in chips)
7af6738a: posts the ante 175
a72df150: posts the ante 175
Hero: posts the ante 175
a5c970a2: posts the ante 175
f5c402e4: posts the ante 175
89a15dcf: posts the ante 175
7f3ab1e7: posts the ante 175
90ec15c: posts the ante 175
f5c402e4: posts small blind 700
7f3ab1e7: posts big blind 1,400
*** HOLE CARDS ***
Dealt to a72df150 
Dealt to 7af6738a 
Dealt to 89a15dcf 
Dealt to f5c402e4 
Dealt to 7f3ab1e7 
Dealt to Hero [4d 9h]
Dealt to 90ec15c 
Dealt to a5c970a2 
Hero: folds
90ec15c: folds
a5c970a2: folds
a72df150: folds
7af6738a: raises 15,990 to 17,390 and is all-in
89a15dcf: folds
f5c402e4: folds
7f3ab1e7: folds
Uncalled bet (15,990) returned to 7af6738a
*** SHOWDOWN ***
7af6738a collected 4,900 from pot
*** SUMMARY ***
Total pot 4,900 | Rake 0 | Jackpot 0 | Bingo 0 | Fortune 0 | Tax 0
Seat 1: a72df150 folded before Flop
Seat 2: 7af6738a collected (4,900)
Seat 3: 89a15dcf (button) folded before Flop
Seat 4: f5c402e4 (small blind) folded before Flop
Seat 5: 7f3ab1e7 (big blind) folded before Flop
Seat 6: Hero folded before Flop
Seat 7: 90ec15c folded before Flop
Seat 8: a5c970a2 folded before Flop


Poker Hand #TM5336774511: Tournament #248716921, Fifty Stack $5.50 Hold'em No Limit - Level10(700/1,400) - 2025/12/16 19:27:13
Table '37' 8-max Seat #2 is the button
Seat 1: a72df150 (46,210 in chips)
Seat 2: 7af6738a (17,740 in chips)
Seat 3: 89a15dcf (50,922 in chips)
Seat 4: f5c402e4 (85,531 in chips)
Seat 5: 7f3ab1e7 (81,405 in chips)
Seat 6: Hero (20,569 in chips)
Seat 7: 90ec15c (89,112 in chips)
Seat 8: a5c970a2 (54,280 in chips)
7af6738a: posts the ante 175
a72df150: posts the ante 175
Hero: posts the ante 175
a5c970a2: posts the ante 175
f5c402e4: posts the ante 175
89a15dcf: posts the ante 175
7f3ab1e7: posts the ante 175
90ec15c: posts the ante 175
89a15dcf: posts small blind 700
f5c402e4: posts big blind 1,400
*** HOLE CARDS ***
Dealt to a72df150 
Dealt to 7af6738a 
Dealt to 89a15dcf 
Dealt to f5c402e4 
Dealt to 7f3ab1e7 
Dealt to Hero [Th Ad]
Dealt to 90ec15c 
Dealt to a5c970a2 
7f3ab1e7: folds
Hero: raises 18,994 to 20,394 and is all-in
90ec15c: folds
a5c970a2: folds
a72df150: folds
7af6738a: folds
89a15dcf: folds
f5c402e4: folds
Uncalled bet (18,994) returned to Hero
*** SHOWDOWN ***
Hero collected 4,900 from pot
*** SUMMARY ***
Total pot 4,900 | Rake 0 | Jackpot 0 | Bingo 0 | Fortune 0 | Tax 0
Seat 1: a72df150 folded before Flop
Seat 2: 7af6738a (button) folded before Flop
Seat 3: 89a15dcf (small blind) folded before Flop
Seat 4: f5c402e4 (big blind) folded before Flop
Seat 5: 7f3ab1e7 folded before Flop
Seat 6: Hero collected (4,900)
Seat 7: 90ec15c folded before Flop
Seat 8: a5c970a2 folded before Flop


Poker Hand #TM5336774504: Tournament #248716921, Fifty Stack $5.50 Hold'em No Limit - Level10(700/1,400) - 2025/12/16 19:26:42
Table '37' 8-max Seat #1 is the button
Seat 1: a72df150 (46,385 in chips)
Seat 2: 7af6738a (18,615 in chips)
Seat 3: 89a15dcf (47,597 in chips)
Seat 4: f5c402e4 (85,706 in chips)
Seat 5: 7f3ab1e7 (81,580 in chips)
Seat 6: Hero (20,744 in chips)
Seat 7: 90ec15c (90,687 in chips)
Seat 8: a5c970a2 (54,455 in chips)
7af6738a: posts the ante 175
a72df150: posts the ante 175
Hero: posts the ante 175
a5c970a2: posts the ante 175
f5c402e4: posts the ante 175
89a15dcf: posts the ante 175
7f3ab1e7: posts the ante 175
90ec15c: posts the ante 175
7af6738a: posts small blind 700
89a15dcf: posts big blind 1,400
*** HOLE CARDS ***
Dealt to a72df150 
Dealt to 7af6738a 
Dealt to 89a15dcf 
Dealt to f5c402e4 
Dealt to 7f3ab1e7 
Dealt to Hero [Jd 8c]
Dealt to 90ec15c 
Dealt to a5c970a2 
f5c402e4: folds
7f3ab1e7: folds
Hero: folds
90ec15c: calls 1,400
a5c970a2: folds
a72df150: folds
7af6738a: folds
89a15dcf: checks
*** FLOP *** [2c 6s Qd]
89a15dcf: checks
90ec15c: checks
*** TURN *** [2c 6s Qd] [Tc]
89a15dcf: bets 2,499
90ec15c: folds
Uncalled bet (2,499) returned to 89a15dcf
*** SHOWDOWN ***
89a15dcf collected 4,900 from pot
*** SUMMARY ***
Total pot 4,900 | Rake 0 | Jackpot 0 | Bingo 0 | Fortune 0 | Tax 0
Board [2c 6s Qd Tc]
Seat 1: a72df150 (button) folded before Flop
Seat 2: 7af6738a (small blind) folded before Flop
Seat 3: 89a15dcf (big blind) won (4,900)
Seat 4: f5c402e4 folded before Flop
Seat 5: 7f3ab1e7 folded before Flop
Seat 6: Hero folded before Flop
Seat 7: 90ec15c folded on the Turn
Seat 8: a5c970a2 folded before Flop


Poker Hand #TM5336774460: Tournament #248716921, Fifty Stack $5.50 Hold'em No Limit - Level10(700/1,400) - 2025/12/16 19:24:43
Table '37' 8-max Seat #8 is the button
Seat 1: a72df150 (47,260 in chips)
Seat 2: 7af6738a (20,190 in chips)
Seat 3: 89a15dcf (54,499 in chips)
Seat 4: f5c402e4 (85,881 in chips)
Seat 5: 7f3ab1e7 (81,755 in chips)
Seat 6: Hero (20,919 in chips)
Seat 7: 90ec15c (77,835 in chips)
Seat 8: a5c970a2 (57,430 in chips)
7af6738a: posts the ante 175
a72df150: posts the ante 175
Hero: posts the ante 175
a5c970a2: posts the ante 175
f5c402e4: posts the ante 175
89a15dcf: posts the ante 175
7f3ab1e7: posts the ante 175
90ec15c: posts the ante 175
a72df150: posts small blind 700
7af6738a: posts big blind 1,400
*** HOLE CARDS ***
Dealt to a72df150 
Dealt to 7af6738a 
Dealt to 89a15dcf 
Dealt to f5c402e4 
Dealt to 7f3ab1e7 
Dealt to Hero [Jc 5s]
Dealt to 90ec15c 
Dealt to a5c970a2 
89a15dcf: raises 1,400 to 2,800
f5c402e4: folds
7f3ab1e7: folds
Hero: folds
90ec15c: calls 2,800
a5c970a2: calls 2,800
a72df150: folds
7af6738a: folds
*** FLOP *** [7d 6h 2d]
89a15dcf: checks
90ec15c: checks
a5c970a2: checks
*** TURN *** [7d 6h 2d] [8c]
89a15dcf: checks
90ec15c: bets 3,927
a5c970a2: folds
89a15dcf: calls 3,927
*** RIVER *** [7d 6h 2d 8c] [5h]
89a15dcf: checks
90ec15c: bets 9,877
89a15dcf: folds
Uncalled bet (9,877) returned to 90ec15c
*** SHOWDOWN ***
90ec15c collected 19,754 from pot
*** SUMMARY ***
Total pot 19,754 | Rake 0 | Jackpot 0 | Bingo 0 | Fortune 0 | Tax 0
Board [7d 6h 2d 8c 5h]
Seat 1: a72df150 (small blind) folded before Flop
Seat 2: 7af6738a (big blind) folded before Flop
Seat 3: 89a15dcf folded on the River
Seat 4: f5c402e4 folded before Flop
Seat 5: 7f3ab1e7 folded before Flop
Seat 6: Hero folded before Flop
Seat 7: 90ec15c won (19,754)
Seat 8: a5c970a2 (button) folded on the Turn


Poker Hand #TM5336774424: Tournament #248716921, Fifty Stack $5.50 Hold'em No Limit - Level9(600/1,200) - 2025/12/16 19:23:13
Table '37' 8-max Seat #7 is the button
Seat 1: a72df150 (49,810 in chips)
Seat 2: 7af6738a (20,340 in chips)
Seat 3: 89a15dcf (54,649 in chips)
Seat 4: f5c402e4 (96,231 in chips)
Seat 5: 7f3ab1e7 (81,905 in chips)
Seat 6: Hero (21,069 in chips)
Seat 7: 90ec15c (61,785 in chips)
Seat 8: a5c970a2 (59,980 in chips)
7af6738a: posts the ante 150
a72df150: posts the ante 150
Hero: posts the ante 150
f5c402e4: posts the ante 150
a5c970a2: posts the ante 150
89a15dcf: posts the ante 150
7f3ab1e7: posts the ante 150
90ec15c: posts the ante 150
a5c970a2: posts small blind 600
a72df150: posts big blind 1,200
*** HOLE CARDS ***
Dealt to a72df150 
Dealt to 7af6738a 
Dealt to 89a15dcf 
Dealt to f5c402e4 
Dealt to 7f3ab1e7 
Dealt to Hero [Jd Kc]
Dealt to 90ec15c 
Dealt to a5c970a2 
7af6738a: folds
89a15dcf: folds
f5c402e4: calls 1,200
7f3ab1e7: folds
Hero: folds
90ec15c: raises 1,200 to 2,400
a5c970a2: calls 1,800
a72df150: calls 1,200
f5c402e4: calls 1,200
*** FLOP *** [Jh 5s 7c]
a5c970a2: checks
a72df150: checks
f5c402e4: checks
90ec15c: bets 5,400
a5c970a2: folds
a72df150: folds
f5c402e4: calls 5,400
*** TURN *** [Jh 5s 7c] [9s]
f5c402e4: bets 2,400
90ec15c: calls 2,400
*** RIVER *** [Jh 5s 7c 9s] [Ad]
f5c402e4: checks
90ec15c: bets 26,400
f5c402e4: folds
Uncalled bet (26,400) returned to 90ec15c
*** SHOWDOWN ***
90ec15c collected 26,400 from pot
*** SUMMARY ***
Total pot 26,400 | Rake 0 | Jackpot 0 | Bingo 0 | Fortune 0 | Tax 0
Board [Jh 5s 7c 9s Ad]
Seat 1: a72df150 (big blind) folded on the Flop
Seat 2: 7af6738a folded before Flop
Seat 3: 89a15dcf folded before Flop
Seat 4: f5c402e4 folded on the River
Seat 5: 7f3ab1e7 folded before Flop
Seat 6: Hero folded before Flop
Seat 7: 90ec15c (button) showed [Ks 7s] and won (26,400)
Seat 8: a5c970a2 (small blind) folded on the Flop


Poker Hand #TM5336774394: Tournament #248716921, Fifty Stack $5.50 Hold'em No Limit - Level9(600/1,200) - 2025/12/16 19:22:00
Table '37' 8-max Seat #6 is the button
Seat 1: a72df150 (23,555 in chips)
Seat 2: 7af6738a (43,895 in chips)
Seat 3: 89a15dcf (54,799 in chips)
Seat 4: f5c402e4 (96,381 in chips)
Seat 5: 7f3ab1e7 (82,055 in chips)
Seat 6: Hero (21,219 in chips)
Seat 7: 90ec15c (62,535 in chips)
Seat 8: a5c970a2 (61,330 in chips)
7af6738a: posts the ante 150
a72df150: posts the ante 150
Hero: posts the ante 150
f5c402e4: posts the ante 150
a5c970a2: posts the ante 150
89a15dcf: posts the ante 150
7f3ab1e7: posts the ante 150
90ec15c: posts the ante 150
90ec15c: posts small blind 600
a5c970a2: posts big blind 1,200
*** HOLE CARDS ***
Dealt to a72df150 
Dealt to 7af6738a 
Dealt to 89a15dcf 
Dealt to f5c402e4 
Dealt to 7f3ab1e7 
Dealt to Hero [Kd 3d]
Dealt to 90ec15c 
Dealt to a5c970a2 
a72df150: calls 1,200
7af6738a: raises 2,982 to 4,182
89a15dcf: folds
f5c402e4: folds
7f3ab1e7: folds
Hero: folds
90ec15c: folds
a5c970a2: folds
a72df150: raises 19,223 to 23,405 and is all-in
7af6738a: calls 19,223
a72df150: shows [8c Qc]
7af6738a: shows [7h Ah]
*** FLOP *** [2s Ts Js]
*** TURN *** [2s Ts Js] [8h]
*** RIVER *** [2s Ts Js 8h] [5d]
*** SHOWDOWN ***
a72df150 collected 49,810 from pot
*** SUMMARY ***
Total pot 49,810 | Rake 0 | Jackpot 0 | Bingo 0 | Fortune 0 | Tax 0
Board [2s Ts Js 8h 5d]
Seat 1: a72df150 showed [8c Qc] and won (49,810) with a pair of Eights
Seat 2: 7af6738a showed [7h Ah] and lost with Ace high
Seat 3: 89a15dcf folded before Flop
Seat 4: f5c402e4 folded before Flop
Seat 5: 7f3ab1e7 folded before Flop
Seat 6: Hero (button) folded before Flop
Seat 7: 90ec15c (small blind) folded before Flop
Seat 8: a5c970a2 (big blind) folded before Flop


Poker Hand #TM5336774387: Tournament #248716921, Fifty Stack $5.50 Hold'em No Limit - Level9(600/1,200) - 2025/12/16 19:21:38
Table '37' 8-max Seat #5 is the button
Seat 1: a72df150 (23,705 in chips)
Seat 2: 7af6738a (41,045 in chips)
Seat 3: 89a15dcf (54,949 in chips)
Seat 4: f5c402e4 (96,531 in chips)
Seat 5: 7f3ab1e7 (82,205 in chips)
Seat 6: Hero (21,969 in chips)
Seat 7: 90ec15c (63,885 in chips)
Seat 8: a5c970a2 (61,480 in chips)
7af6738a: posts the ante 150
a72df150: posts the ante 150
Hero: posts the ante 150
f5c402e4: posts the ante 150
a5c970a2: posts the ante 150
89a15dcf: posts the ante 150
7f3ab1e7: posts the ante 150
90ec15c: posts the ante 150
Hero: posts small blind 600
90ec15c: posts big blind 1,200
*** HOLE CARDS ***
Dealt to a72df150 
Dealt to 7af6738a 
Dealt to 89a15dcf 
Dealt to f5c402e4 
Dealt to 7f3ab1e7 
Dealt to Hero [9h Js]
Dealt to 90ec15c 
Dealt to a5c970a2 
a5c970a2: folds
a72df150: folds
7af6738a: raises 1,200 to 2,400
89a15dcf: folds
f5c402e4: folds
7f3ab1e7: folds
Hero: folds
90ec15c: folds
Uncalled bet (1,200) returned to 7af6738a
*** SHOWDOWN ***
7af6738a collected 4,200 from pot
*** SUMMARY ***
Total pot 4,200 | Rake 0 | Jackpot 0 | Bingo 0 | Fortune 0 | Tax 0
Seat 1: a72df150 folded before Flop
Seat 2: 7af6738a collected (4,200)
Seat 3: 89a15dcf folded before Flop
Seat 4: f5c402e4 folded before Flop
Seat 5: 7f3ab1e7 (button) folded before Flop
Seat 6: Hero (small blind) folded before Flop
Seat 7: 90ec15c (big blind) folded before Flop
Seat 8: a5c970a2 folded before Flop


Poker Hand #TM5336774352: Tournament #248716921, Fifty Stack $5.50 Hold'em No Limit - Level9(600/1,200) - 2025/12/16 19:20:07
Table '37' 8-max Seat #4 is the button
Seat 1: a72df150 (25,055 in chips)
Seat 2: 7af6738a (41,195 in chips)
Seat 3: 89a15dcf (55,099 in chips)
Seat 4: f5c402e4 (96,681 in chips)
Seat 5: 7f3ab1e7 (83,555 in chips)
Seat 6: Hero (17,319 in chips)
Seat 7: 90ec15c (65,235 in chips)
Seat 8: a5c970a2 (61,630 in chips)
7af6738a: posts the ante 150
a72df150: posts the ante 150
Hero: posts the ante 150
f5c402e4: posts the ante 150
a5c970a2: posts the ante 150
89a15dcf: posts the ante 150
7f3ab1e7: posts the ante 150
90ec15c: posts the ante 150
7f3ab1e7: posts small blind 600
Hero: posts big blind 1,200
*** HOLE CARDS ***
Dealt to a72df150 
Dealt to 7af6738a 
Dealt to 89a15dcf 
Dealt to f5c402e4 
Dealt to 7f3ab1e7 
Dealt to Hero [4d 3h]
Dealt to 90ec15c 
Dealt to a5c970a2 
90ec15c: calls 1,200
a5c970a2: folds
a72df150: calls 1,200
7af6738a: folds
89a15dcf: folds
f5c402e4: folds
7f3ab1e7: calls 600
Hero: checks
*** FLOP *** [4c Th 2d]
7f3ab1e7: checks
Hero: checks
90ec15c: checks
a72df150: checks
*** TURN *** [4c Th 2d] [Td]
7f3ab1e7: checks
Hero: checks
90ec15c: checks
a72df150: checks
*** RIVER *** [4c Th 2d Td] [3d]
7f3ab1e7: checks
Hero: bets 3,600
90ec15c: folds
a72df150: folds
7f3ab1e7: folds
Uncalled bet (3,600) returned to Hero
*** SHOWDOWN ***
Hero collected 6,000 from pot
*** SUMMARY ***
Total pot 6,000 | Rake 0 | Jackpot 0 | Bingo 0 | Fortune 0 | Tax 0
Board [4c Th 2d Td 3d]
Seat 1: a72df150 folded on the River
Seat 2: 7af6738a folded before Flop
Seat 3: 89a15dcf folded before Flop
Seat 4: f5c402e4 (button) folded before Flop
Seat 5: 7f3ab1e7 (small blind) folded on the River
Seat 6: Hero (big blind) won (6,000)
Seat 7: 90ec15c folded on the River
Seat 8: a5c970a2 folded before Flop


Poker Hand #TM5336774333: Tournament #248716921, Fifty Stack $5.50 Hold'em No Limit - Level9(600/1,200) - 2025/12/16 19:19:11
Table '37' 8-max Seat #3 is the button
Seat 1: a72df150 (26,405 in chips)
Seat 2: 7af6738a (35,345 in chips)
Seat 3: 89a15dcf (55,249 in chips)
Seat 4: f5c402e4 (98,031 in chips)
Seat 5: 7f3ab1e7 (84,905 in chips)
Seat 6: Hero (17,469 in chips)
Seat 7: 90ec15c (66,585 in chips)
Seat 8: a5c970a2 (61,780 in chips)
7af6738a: posts the ante 150
a72df150: posts the ante 150
Hero: posts the ante 150
a5c970a2: posts the ante 150
f5c402e4: posts the ante 150
89a15dcf: posts the ante 150
7f3ab1e7: posts the ante 150
90ec15c: posts the ante 150
f5c402e4: posts small blind 600
7f3ab1e7: posts big blind 1,200
*** HOLE CARDS ***
Dealt to a72df150 
Dealt to 7af6738a 
Dealt to 89a15dcf 
Dealt to f5c402e4 
Dealt to 7f3ab1e7 
Dealt to Hero [Qd 3c]
Dealt to 90ec15c 
Dealt to a5c970a2 
Hero: folds
90ec15c: calls 1,200
a5c970a2: folds
a72df150: calls 1,200
7af6738a: calls 1,200
89a15dcf: folds
f5c402e4: calls 600
7f3ab1e7: checks
*** FLOP *** [Ac Ts 4h]
f5c402e4: checks
7f3ab1e7: checks
90ec15c: checks
a72df150: checks
7af6738a: bets 2,376
f5c402e4: folds
7f3ab1e7: folds
90ec15c: folds
a72df150: folds
Uncalled bet (2,376) returned to 7af6738a
*** SHOWDOWN ***
7af6738a collected 7,200 from pot
*** SUMMARY ***
Total pot 7,200 | Rake 0 | Jackpot 0 | Bingo 0 | Fortune 0 | Tax 0
Board [Ac Ts 4h]
Seat 1: a72df150 folded on the Flop
Seat 2: 7af6738a won (7,200)
Seat 3: 89a15dcf (button) folded before Flop
Seat 4: f5c402e4 (small blind) folded on the Flop
Seat 5: 7f3ab1e7 (big blind) folded on the Flop
Seat 6: Hero folded before Flop
Seat 7: 90ec15c folded on the Flop
Seat 8: a5c970a2 folded before Flop


Poker Hand #TM5336774306: Tournament #248716921, Fifty Stack $5.50 Hold'em No Limit - Level9(600/1,200) - 2025/12/16 19:17:56
Table '37' 8-max Seat #2 is the button
Seat 1: a72df150 (26,555 in chips)
Seat 2: 7af6738a (43,295 in chips)
Seat 3: 89a15dcf (55,999 in chips)
Seat 4: f5c402e4 (124,881 in chips)
Seat 5: 7f3ab1e7 (48,755 in chips)
Seat 6: Hero (17,619 in chips)
Seat 7: 90ec15c (66,735 in chips)
Seat 8: a5c970a2 (61,930 in chips)
7af6738a: posts the ante 150
a72df150: posts the ante 150
Hero: posts the ante 150
a5c970a2: posts the ante 150
f5c402e4: posts the ante 150
89a15dcf: posts the ante 150
7f3ab1e7: posts the ante 150
90ec15c: posts the ante 150
89a15dcf: posts small blind 600
f5c402e4: posts big blind 1,200
*** HOLE CARDS ***
Dealt to a72df150 
Dealt to 7af6738a 
Dealt to 89a15dcf 
Dealt to f5c402e4 
Dealt to 7f3ab1e7 
Dealt to Hero [9d Qs]
Dealt to 90ec15c 
Dealt to a5c970a2 
7f3ab1e7: raises 1,320 to 2,520
Hero: folds
90ec15c: folds
a5c970a2: folds
a72df150: folds
7af6738a: raises 5,280 to 7,800
89a15dcf: folds
f5c402e4: calls 6,600
7f3ab1e7: raises 18,900 to 26,700
7af6738a: folds
f5c402e4: calls 18,900
*** FLOP *** [As Tc 2c]
f5c402e4: checks
7f3ab1e7: bets 21,905 and is all-in
f5c402e4: folds
Uncalled bet (21,905) returned to 7f3ab1e7
*** SHOWDOWN ***
7f3ab1e7 collected 63,000 from pot
*** SUMMARY ***
Total pot 63,000 | Rake 0 | Jackpot 0 | Bingo 0 | Fortune 0 | Tax 0
Board [As Tc 2c]
Seat 1: a72df150 folded before Flop
Seat 2: 7af6738a (button) folded before Flop
Seat 3: 89a15dcf (small blind) folded before Flop
Seat 4: f5c402e4 (big blind) folded on the Flop
Seat 5: 7f3ab1e7 won (63,000)
Seat 6: Hero folded before Flop
Seat 7: 90ec15c folded before Flop
Seat 8: a5c970a2 folded before Flop


Poker Hand #TM5336774292: Tournament #248716921, Fifty Stack $5.50 Hold'em No Limit - Level9(600/1,200) - 2025/12/16 19:17:20
Table '37' 8-max Seat #1 is the button
Seat 1: a72df150 (26,705 in chips)
Seat 2: 7af6738a (44,045 in chips)
Seat 3: 89a15dcf (57,349 in chips)
Seat 4: f5c402e4 (125,031 in chips)
Seat 5: 7f3ab1e7 (48,905 in chips)
Seat 6: Hero (17,769 in chips)
Seat 7: 90ec15c (66,885 in chips)
Seat 8: a5c970a2 (59,080 in chips)
7af6738a: posts the ante 150
a72df150: posts the ante 150
Hero: posts the ante 150
a5c970a2: posts the ante 150
f5c402e4: posts the ante 150
89a15dcf: posts the ante 150
7f3ab1e7: posts the ante 150
90ec15c: posts the ante 150
7af6738a: posts small blind 600
89a15dcf: posts big blind 1,200
*** HOLE CARDS ***
Dealt to a72df150 
Dealt to 7af6738a 
Dealt to 89a15dcf 
Dealt to f5c402e4 
Dealt to 7f3ab1e7 
Dealt to Hero [8s Tc]
Dealt to 90ec15c 
Dealt to a5c970a2 
f5c402e4: folds
7f3ab1e7: folds
Hero: folds
90ec15c: folds
a5c970a2: raises 1,440 to 2,640
a72df150: folds
7af6738a: folds
89a15dcf: folds
Uncalled bet (1,440) returned to a5c970a2
*** SHOWDOWN ***
a5c970a2 collected 4,200 from pot
*** SUMMARY ***
Total pot 4,200 | Rake 0 | Jackpot 0 | Bingo 0 | Fortune 0 | Tax 0
Seat 1: a72df150 (button) folded before Flop
Seat 2: 7af6738a (small blind) folded before Flop
Seat 3: 89a15dcf (big blind) folded before Flop
Seat 4: f5c402e4 folded before Flop
Seat 5: 7f3ab1e7 folded before Flop
Seat 6: Hero folded before Flop
Seat 7: 90ec15c folded before Flop
Seat 8: a5c970a2 collected (4,200)


Poker Hand #TM5336774264: Tournament #248716921, Fifty Stack $5.50 Hold'em No Limit - Level9(600/1,200) - 2025/12/16 19:16:11
Table '37' 8-max Seat #8 is the button
Seat 1: a72df150 (27,455 in chips)
Seat 2: 7af6738a (45,395 in chips)
Seat 3: 89a15dcf (57,499 in chips)
Seat 4: f5c402e4 (126,381 in chips)
Seat 5: 7f3ab1e7 (49,055 in chips)
Seat 6: Hero (17,919 in chips)
Seat 7: 90ec15c (94,475 in chips)
Seat 8: a5c970a2 (27,590 in chips)
7af6738a: posts the ante 150
a72df150: posts the ante 150
Hero: posts the ante 150
a5c970a2: posts the ante 150
f5c402e4: posts the ante 150
89a15dcf: posts the ante 150
7f3ab1e7: posts the ante 150
90ec15c: posts the ante 150
a72df150: posts small blind 600
7af6738a: posts big blind 1,200
*** HOLE CARDS ***
Dealt to a72df150 
Dealt to 7af6738a 
Dealt to 89a15dcf 
Dealt to f5c402e4 
Dealt to 7f3ab1e7 
Dealt to Hero [9h Jd]
Dealt to 90ec15c 
Dealt to a5c970a2 
89a15dcf: folds
f5c402e4: calls 1,200
7f3ab1e7: folds
Hero: folds
90ec15c: calls 1,200
a5c970a2: raises 26,240 to 27,440 and is all-in
a72df150: folds
7af6738a: folds
f5c402e4: folds
90ec15c: calls 26,240
a5c970a2: shows [Td Kc]
90ec15c: shows [As 6d]
*** FLOP *** [Ts Qd 3s]
*** TURN *** [Ts Qd 3s] [7h]
*** RIVER *** [Ts Qd 3s 7h] [Ks]
*** SHOWDOWN ***
a5c970a2 collected 59,080 from pot
*** SUMMARY ***
Total pot 59,080 | Rake 0 | Jackpot 0 | Bingo 0 | Fortune 0 | Tax 0
Board [Ts Qd 3s 7h Ks]
Seat 1: a72df150 (small blind) folded before Flop
Seat 2: 7af6738a (big blind) folded before Flop
Seat 3: 89a15dcf folded before Flop
Seat 4: f5c402e4 folded before Flop
Seat 5: 7f3ab1e7 folded before Flop
Seat 6: Hero folded before Flop
Seat 7: 90ec15c showed [As 6d] and lost with Ace high
Seat 8: a5c970a2 (button) showed [Td Kc] and won (59,080) with two pair, Kings and Tens


Poker Hand #TM5336774246: Tournament #248716921, Fifty Stack $5.50 Hold'em No Limit - Level8(500/1,000) - 2025/12/16 19:15:27
Table '37' 8-max Seat #7 is the button
Seat 1: a72df150 (29,580 in chips)
Seat 2: 7af6738a (45,520 in chips)
Seat 3: 89a15dcf (57,624 in chips)
Seat 4: f5c402e4 (126,506 in chips)
Seat 5: 7f3ab1e7 (45,680 in chips)
Seat 6: Hero (18,044 in chips)
Seat 7: 90ec15c (94,600 in chips)
Seat 8: a5c970a2 (28,215 in chips)
7af6738a: posts the ante 125
a72df150: posts the ante 125
Hero: posts the ante 125
f5c402e4: posts the ante 125
a5c970a2: posts the ante 125
89a15dcf: posts the ante 125
7f3ab1e7: posts the ante 125
90ec15c: posts the ante 125
a5c970a2: posts small blind 500
a72df150: posts big blind 1,000
*** HOLE CARDS ***
Dealt to a72df150 
Dealt to 7af6738a 
Dealt to 89a15dcf 
Dealt to f5c402e4 
Dealt to 7f3ab1e7 
Dealt to Hero [3s Kh]
Dealt to 90ec15c 
Dealt to a5c970a2 
7af6738a: folds
89a15dcf: folds
f5c402e4: folds
7f3ab1e7: raises 1,000 to 2,000
Hero: folds
90ec15c: folds
a5c970a2: folds
a72df150: calls 1,000
*** FLOP *** [4h 3d 4s]
a72df150: checks
7f3ab1e7: checks
*** TURN *** [4h 3d 4s] [As]
a72df150: checks
7f3ab1e7: checks
*** RIVER *** [4h 3d 4s As] [8c]
a72df150: checks
7f3ab1e7: bets 2,000
a72df150: folds
Uncalled bet (2,000) returned to 7f3ab1e7
*** SHOWDOWN ***
7f3ab1e7 collected 5,500 from pot
*** SUMMARY ***
Total pot 5,500 | Rake 0 | Jackpot 0 | Bingo 0 | Fortune 0 | Tax 0
Board [4h 3d 4s As 8c]
Seat 1: a72df150 (big blind) folded on the River
Seat 2: 7af6738a folded before Flop
Seat 3: 89a15dcf folded before Flop
Seat 4: f5c402e4 folded before Flop
Seat 5: 7f3ab1e7 won (5,500)
Seat 6: Hero folded before Flop
Seat 7: 90ec15c (button) folded before Flop
Seat 8: a5c970a2 (small blind) folded before Flop


Poker Hand #TM5336774224: Tournament #248716921, Fifty Stack $5.50 Hold'em No Limit - Level8(500/1,000) - 2025/12/16 19:14:35
Table '37' 8-max Seat #6 is the button
Seat 1: a72df150 (29,705 in chips)
Seat 2: 7af6738a (45,645 in chips)
Seat 3: 89a15dcf (57,749 in chips)
Seat 4: f5c402e4 (128,631 in chips)
Seat 5: 7f3ab1e7 (45,805 in chips)
Seat 6: Hero (18,169 in chips)
Seat 7: 90ec15c (90,725 in chips)
Seat 8: a5c970a2 (29,340 in chips)
7af6738a: posts the ante 125
a72df150: posts the ante 125
Hero: posts the ante 125
f5c402e4: posts the ante 125
a5c970a2: posts the ante 125
89a15dcf: posts the ante 125
7f3ab1e7: posts the ante 125
90ec15c: posts the ante 125
90ec15c: posts small blind 500
a5c970a2: posts big blind 1,000
*** HOLE CARDS ***
Dealt to a72df150 
Dealt to 7af6738a 
Dealt to 89a15dcf 
Dealt to f5c402e4 
Dealt to 7f3ab1e7 
Dealt to Hero [6c Tc]
Dealt to 90ec15c 
Dealt to a5c970a2 
a72df150: folds
7af6738a: folds
89a15dcf: folds
f5c402e4: calls 1,000
7f3ab1e7: folds
Hero: folds
90ec15c: raises 1,000 to 2,000
a5c970a2: folds
f5c402e4: calls 1,000
*** FLOP *** [Qs 9s Kh]
90ec15c: bets 1,980
f5c402e4: folds
Uncalled bet (1,980) returned to 90ec15c
*** SHOWDOWN ***
90ec15c collected 6,000 from pot
*** SUMMARY ***
Total pot 6,000 | Rake 0 | Jackpot 0 | Bingo 0 | Fortune 0 | Tax 0
Board [Qs 9s Kh]
Seat 1: a72df150 folded before Flop
Seat 2: 7af6738a folded before Flop
Seat 3: 89a15dcf folded before Flop
Seat 4: f5c402e4 folded on the Flop
Seat 5: 7f3ab1e7 folded before Flop
Seat 6: Hero (button) folded before Flop
Seat 7: 90ec15c (small blind) won (6,000)
Seat 8: a5c970a2 (big blind) folded before Flop


Poker Hand #TM5336774217: Tournament #248716921, Fifty Stack $5.50 Hold'em No Limit - Level8(500/1,000) - 2025/12/16 19:14:12
Table '37' 8-max Seat #5 is the button
Seat 1: a72df150 (29,830 in chips)
Seat 2: 7af6738a (45,770 in chips)
Seat 3: 89a15dcf (57,874 in chips)
Seat 4: f5c402e4 (128,756 in chips)
Seat 5: 7f3ab1e7 (43,430 in chips)
Seat 6: Hero (18,794 in chips)
Seat 7: 90ec15c (91,850 in chips)
Seat 8: a5c970a2 (29,465 in chips)
7af6738a: posts the ante 125
a72df150: posts the ante 125
Hero: posts the ante 125
f5c402e4: posts the ante 125
a5c970a2: posts the ante 125
89a15dcf: posts the ante 125
7f3ab1e7: posts the ante 125
90ec15c: posts the ante 125
Hero: posts small blind 500
90ec15c: posts big blind 1,000
*** HOLE CARDS ***
Dealt to a72df150 
Dealt to 7af6738a 
Dealt to 89a15dcf 
Dealt to f5c402e4 
Dealt to 7f3ab1e7 
Dealt to Hero [6h As]
Dealt to 90ec15c 
Dealt to a5c970a2 
a5c970a2: folds
a72df150: folds
7af6738a: folds
89a15dcf: folds
f5c402e4: folds
7f3ab1e7: raises 1,200 to 2,200
Hero: folds
90ec15c: folds
Uncalled bet (1,200) returned to 7f3ab1e7
*** SHOWDOWN ***
7f3ab1e7 collected 3,500 from pot
*** SUMMARY ***
Total pot 3,500 | Rake 0 | Jackpot 0 | Bingo 0 | Fortune 0 | Tax 0
Seat 1: a72df150 folded before Flop
Seat 2: 7af6738a folded before Flop
Seat 3: 89a15dcf folded before Flop
Seat 4: f5c402e4 folded before Flop
Seat 5: 7f3ab1e7 (button) collected (3,500)
Seat 6: Hero (small blind) folded before Flop
Seat 7: 90ec15c (big blind) folded before Flop
Seat 8: a5c970a2 folded before Flop


Poker Hand #TM5336774208: Tournament #248716921, Fifty Stack $5.50 Hold'em No Limit - Level8(500/1,000) - 2025/12/16 19:13:51
Table '37' 8-max Seat #4 is the button
Seat 1: a72df150 (29,955 in chips)
Seat 2: 7af6738a (45,895 in chips)
Seat 3: 89a15dcf (57,999 in chips)
Seat 4: f5c402e4 (128,881 in chips)
Seat 5: 7f3ab1e7 (44,055 in chips)
Seat 6: Hero (19,919 in chips)
Seat 7: 90ec15c (89,475 in chips)
Seat 8: a5c970a2 (29,590 in chips)
7af6738a: posts the ante 125
a72df150: posts the ante 125
Hero: posts the ante 125
f5c402e4: posts the ante 125
a5c970a2: posts the ante 125
89a15dcf: posts the ante 125
7f3ab1e7: posts the ante 125
90ec15c: posts the ante 125
7f3ab1e7: posts small blind 500
Hero: posts big blind 1,000
*** HOLE CARDS ***
Dealt to a72df150 
Dealt to 7af6738a 
Dealt to 89a15dcf 
Dealt to f5c402e4 
Dealt to 7f3ab1e7 
Dealt to Hero [8s Qh]
Dealt to 90ec15c 
Dealt to a5c970a2 
90ec15c: raises 2,000 to 3,000
a5c970a2: folds
a72df150: folds
7af6738a: folds
89a15dcf: folds
f5c402e4: folds
7f3ab1e7: folds
Hero: folds
Uncalled bet (2,000) returned to 90ec15c
*** SHOWDOWN ***
90ec15c collected 3,500 from pot
*** SUMMARY ***
Total pot 3,500 | Rake 0 | Jackpot 0 | Bingo 0 | Fortune 0 | Tax 0
Seat 1: a72df150 folded before Flop
Seat 2: 7af6738a folded before Flop
Seat 3: 89a15dcf folded before Flop
Seat 4: f5c402e4 (button) folded before Flop
Seat 5: 7f3ab1e7 (small blind) folded before Flop
Seat 6: Hero (big blind) folded before Flop
Seat 7: 90ec15c collected (3,500)
Seat 8: a5c970a2 folded before Flop


Poker Hand #TM5336774193: Tournament #248716921, Fifty Stack $5.50 Hold'em No Limit - Level8(500/1,000) - 2025/12/16 19:13:13
Table '37' 8-max Seat #3 is the button
Seat 1: a72df150 (30,080 in chips)
Seat 2: 7af6738a (46,020 in chips)
Seat 3: 89a15dcf (58,124 in chips)
Seat 4: f5c402e4 (131,006 in chips)
Seat 5: 7f3ab1e7 (45,180 in chips)
Seat 6: Hero (20,044 in chips)
Seat 7: 90ec15c (89,600 in chips)
Seat 8: a5c970a2 (25,715 in chips)
7af6738a: posts the ante 125
a72df150: posts the ante 125
Hero: posts the ante 125
a5c970a2: posts the ante 125
f5c402e4: posts the ante 125
89a15dcf: posts the ante 125
7f3ab1e7: posts the ante 125
90ec15c: posts the ante 125
f5c402e4: posts small blind 500
7f3ab1e7: posts big blind 1,000
*** HOLE CARDS ***
Dealt to a72df150 
Dealt to 7af6738a 
Dealt to 89a15dcf 
Dealt to f5c402e4 
Dealt to 7f3ab1e7 
Dealt to Hero [3c 3s]
Dealt to 90ec15c 
Dealt to a5c970a2 
Hero: folds
90ec15c: folds
a5c970a2: raises 1,000 to 2,000
a72df150: folds
7af6738a: folds
89a15dcf: folds
f5c402e4: calls 1,500
7f3ab1e7: folds
*** FLOP *** [Qs 9c Kc]
f5c402e4: checks
a5c970a2: bets 1,980
f5c402e4: folds
Uncalled bet (1,980) returned to a5c970a2
*** SHOWDOWN ***
a5c970a2 collected 6,000 from pot
*** SUMMARY ***
Total pot 6,000 | Rake 0 | Jackpot 0 | Bingo 0 | Fortune 0 | Tax 0
Board [Qs 9c Kc]
Seat 1: a72df150 folded before Flop
Seat 2: 7af6738a folded before Flop
Seat 3: 89a15dcf (button) folded before Flop
Seat 4: f5c402e4 (small blind) folded on the Flop
Seat 5: 7f3ab1e7 (big blind) folded before Flop
Seat 6: Hero folded before Flop
Seat 7: 90ec15c folded before Flop
Seat 8: a5c970a2 won (6,000)


Poker Hand #TM5336774176: Tournament #248716921, Fifty Stack $5.50 Hold'em No Limit - Level8(500/1,000) - 2025/12/16 19:12:31
Table '37' 8-max Seat #2 is the button
Seat 1: a72df150 (30,205 in chips)
Seat 2: 7af6738a (46,145 in chips)
Seat 3: 89a15dcf (58,749 in chips)
Seat 4: f5c402e4 (134,131 in chips)
Seat 5: 7f3ab1e7 (45,305 in chips)
Seat 6: Hero (20,169 in chips)
Seat 7: 90ec15c (85,225 in chips)
Seat 8: a5c970a2 (25,840 in chips)
7af6738a: posts the ante 125
a72df150: posts the ante 125
Hero: posts the ante 125
a5c970a2: posts the ante 125
f5c402e4: posts the ante 125
89a15dcf: posts the ante 125
7f3ab1e7: posts the ante 125
90ec15c: posts the ante 125
89a15dcf: posts small blind 500
f5c402e4: posts big blind 1,000
*** HOLE CARDS ***
Dealt to a72df150 
Dealt to 7af6738a 
Dealt to 89a15dcf 
Dealt to f5c402e4 
Dealt to 7f3ab1e7 
Dealt to Hero [5s 7d]
Dealt to 90ec15c 
Dealt to a5c970a2 
7f3ab1e7: folds
Hero: folds
90ec15c: raises 2,000 to 3,000
a5c970a2: folds
a72df150: folds
7af6738a: folds
89a15dcf: folds
f5c402e4: calls 2,000
*** FLOP *** [2c 6s Qd]
f5c402e4: checks
90ec15c: bets 2,475
f5c402e4: folds
Uncalled bet (2,475) returned to 90ec15c
*** SHOWDOWN ***
90ec15c collected 7,500 from pot
*** SUMMARY ***
Total pot 7,500 | Rake 0 | Jackpot 0 | Bingo 0 | Fortune 0 | Tax 0
Board [2c 6s Qd]
Seat 1: a72df150 folded before Flop
Seat 2: 7af6738a (button) folded before Flop
Seat 3: 89a15dcf (small blind) folded before Flop
Seat 4: f5c402e4 (big blind) folded on the Flop
Seat 5: 7f3ab1e7 folded before Flop
Seat 6: Hero folded before Flop
Seat 7: 90ec15c won (7,500)
Seat 8: a5c970a2 folded before Flop


Poker Hand #TM5336774158: Tournament #248716921, Fifty Stack $5.50 Hold'em No Limit - Level8(500/1,000) - 2025/12/16 19:11:46
Table '37' 8-max Seat #1 is the button
Seat 1: a72df150 (30,330 in chips)
Seat 2: 7af6738a (47,270 in chips)
Seat 3: 89a15dcf (56,874 in chips)
Seat 4: f5c402e4 (134,256 in chips)
Seat 5: 7f3ab1e7 (45,430 in chips)
Seat 6: Hero (20,294 in chips)
Seat 7: 90ec15c (85,350 in chips)
Seat 8: a5c970a2 (25,965 in chips)
7af6738a: posts the ante 125
a72df150: posts the ante 125
Hero: posts the ante 125
a5c970a2: posts the ante 125
f5c402e4: posts the ante 125
89a15dcf: posts the ante 125
7f3ab1e7: posts the ante 125
90ec15c: posts the ante 125
7af6738a: posts small blind 500
89a15dcf: posts big blind 1,000
*** HOLE CARDS ***
Dealt to a72df150 
Dealt to 7af6738a 
Dealt to 89a15dcf 
Dealt to f5c402e4 
Dealt to 7f3ab1e7 
Dealt to Hero [5d 7h]
Dealt to 90ec15c 
Dealt to a5c970a2 
f5c402e4: folds
7f3ab1e7: folds
Hero: folds
90ec15c: folds
a5c970a2: folds
a72df150: folds
7af6738a: calls 500
89a15dcf: raises 2,550 to 3,550
7af6738a: folds
Uncalled bet (2,550) returned to 89a15dcf
*** SHOWDOWN ***
89a15dcf collected 3,000 from pot
*** SUMMARY ***
Total pot 3,000 | Rake 0 | Jackpot 0 | Bingo 0 | Fortune 0 | Tax 0
Seat 1: a72df150 (button) folded before Flop
Seat 2: 7af6738a (small blind) folded before Flop
Seat 3: 89a15dcf (big blind) collected (3,000)
Seat 4: f5c402e4 folded before Flop
Seat 5: 7f3ab1e7 folded before Flop
Seat 6: Hero folded before Flop
Seat 7: 90ec15c folded before Flop
Seat 8: a5c970a2 folded before Flop


Poker Hand #TM5336774132: Tournament #248716921, Fifty Stack $5.50 Hold'em No Limit - Level8(500/1,000) - 2025/12/16 19:10:40
Table '37' 8-max Seat #8 is the button
Seat 1: a72df150 (13,290 in chips)
Seat 2: 7af6738a (48,395 in chips)
Seat 3: 89a15dcf (56,999 in chips)
Seat 4: f5c402e4 (134,381 in chips)
Seat 5: 7f3ab1e7 (45,555 in chips)
Seat 6: Hero (22,419 in chips)
Seat 7: 90ec15c (85,475 in chips)
Seat 8: a5c970a2 (39,255 in chips)
7af6738a: posts the ante 125
a72df150: posts the ante 125
Hero: posts the ante 125
a5c970a2: posts the ante 125
f5c402e4: posts the ante 125
89a15dcf: posts the ante 125
7f3ab1e7: posts the ante 125
90ec15c: posts the ante 125
a72df150: posts small blind 500
7af6738a: posts big blind 1,000
*** HOLE CARDS ***
Dealt to a72df150 
Dealt to 7af6738a 
Dealt to 89a15dcf 
Dealt to f5c402e4 
Dealt to 7f3ab1e7 
Dealt to Hero [Ts Ad]
Dealt to 90ec15c 
Dealt to a5c970a2 
89a15dcf: folds
f5c402e4: folds
7f3ab1e7: folds
Hero: raises 1,000 to 2,000
90ec15c: folds
a5c970a2: calls 2,000
a72df150: raises 11,165 to 13,165 and is all-in
7af6738a: folds
Hero: folds
a5c970a2: calls 11,165
a72df150: shows [8s 8c]
a5c970a2: shows [2s 2h]
*** FLOP *** [3d 7s Ah]
*** TURN *** [3d 7s Ah] [Qh]
*** RIVER *** [3d 7s Ah Qh] [9s]
*** SHOWDOWN ***
a72df150 collected 30,330 from pot
*** SUMMARY ***
Total pot 30,330 | Rake 0 | Jackpot 0 | Bingo 0 | Fortune 0 | Tax 0
Board [3d 7s Ah Qh 9s]
Seat 1: a72df150 (small blind) showed [8s 8c] and won (30,330) with a pair of Eights
Seat 2: 7af6738a (big blind) folded before Flop
Seat 3: 89a15dcf folded before Flop
Seat 4: f5c402e4 folded before Flop
Seat 5: 7f3ab1e7 folded before Flop
Seat 6: Hero folded before Flop
Seat 7: 90ec15c folded before Flop
Seat 8: a5c970a2 (button) showed [2s 2h] and lost with a pair of Twos


Poker Hand #TM5336774109: Tournament #248716921, Fifty Stack $5.50 Hold'em No Limit - Level8(500/1,000) - 2025/12/16 19:09:48
Table '37' 8-max Seat #7 is the button
Seat 1: a72df150 (6,020 in chips)
Seat 2: 7af6738a (48,520 in chips)
Seat 3: 89a15dcf (57,124 in chips)
Seat 4: f5c402e4 (134,506 in chips)
Seat 5: 7f3ab1e7 (45,680 in chips)
Seat 6: Hero (28,439 in chips)
Seat 7: 90ec15c (85,600 in chips)
Seat 8: a5c970a2 (39,880 in chips)
7af6738a: posts the ante 125
a72df150: posts the ante 125
Hero: posts the ante 125
f5c402e4: posts the ante 125
a5c970a2: posts the ante 125
89a15dcf: posts the ante 125
7f3ab1e7: posts the ante 125
90ec15c: posts the ante 125
a5c970a2: posts small blind 500
a72df150: posts big blind 1,000
*** HOLE CARDS ***
Dealt to a72df150 
Dealt to 7af6738a 
Dealt to 89a15dcf 
Dealt to f5c402e4 
Dealt to 7f3ab1e7 
Dealt to Hero [Ks 9s]
Dealt to 90ec15c 
Dealt to a5c970a2 
7af6738a: folds
89a15dcf: folds
f5c402e4: folds
7f3ab1e7: folds
Hero: raises 1,000 to 2,000
90ec15c: folds
a5c970a2: folds
a72df150: raises 3,895 to 5,895 and is all-in
Hero: calls 3,895
a72df150: shows [Kh Kd]
Hero: shows [Ks 9s]
*** FLOP *** [Qs 5c 9h]
*** TURN *** [Qs 5c 9h] [Jh]
*** RIVER *** [Qs 5c 9h Jh] [3h]
*** SHOWDOWN ***
a72df150 collected 13,290 from pot
*** SUMMARY ***
Total pot 13,290 | Rake 0 | Jackpot 0 | Bingo 0 | Fortune 0 | Tax 0
Board [Qs 5c 9h Jh 3h]
Seat 1: a72df150 (big blind) showed [Kh Kd] and won (13,290) with a pair of Kings
Seat 2: 7af6738a folded before Flop
Seat 3: 89a15dcf folded before Flop
Seat 4: f5c402e4 folded before Flop
Seat 5: 7f3ab1e7 folded before Flop
Seat 6: Hero showed [Ks 9s] and lost with a pair of Nines
Seat 7: 90ec15c (button) folded before Flop
Seat 8: a5c970a2 (small blind) folded before Flop


Poker Hand #TM5336774099: Tournament #248716921, Fifty Stack $5.50 Hold'em No Limit - Level8(500/1,000) - 2025/12/16 19:09:23
Table '37' 8-max Seat #6 is the button
Seat 1: a72df150 (6,145 in chips)
Seat 2: 7af6738a (48,645 in chips)
Seat 3: 89a15dcf (57,249 in chips)
Seat 4: f5c402e4 (132,131 in chips)
Seat 5: 7f3ab1e7 (45,805 in chips)
Seat 6: Hero (28,564 in chips)
Seat 7: 90ec15c (86,225 in chips)
Seat 8: a5c970a2 (41,005 in chips)
7af6738a: posts the ante 125
a72df150: posts the ante 125
Hero: posts the ante 125
f5c402e4: posts the ante 125
a5c970a2: posts the ante 125
89a15dcf: posts the ante 125
7f3ab1e7: posts the ante 125
90ec15c: posts the ante 125
90ec15c: posts small blind 500
a5c970a2: posts big blind 1,000
*** HOLE CARDS ***
Dealt to a72df150 
Dealt to 7af6738a 
Dealt to 89a15dcf 
Dealt to f5c402e4 
Dealt to 7f3ab1e7 
Dealt to Hero [Tc 4c]
Dealt to 90ec15c 
Dealt to a5c970a2 
a72df150: folds
7af6738a: folds
89a15dcf: folds
f5c402e4: raises 1,000 to 2,000
7f3ab1e7: folds
Hero: folds
90ec15c: folds
a5c970a2: folds
Uncalled bet (1,000) returned to f5c402e4
*** SHOWDOWN ***
f5c402e4 collected 3,500 from pot
*** SUMMARY ***
Total pot 3,500 | Rake 0 | Jackpot 0 | Bingo 0 | Fortune 0 | Tax 0
Seat 1: a72df150 folded before Flop
Seat 2: 7af6738a folded before Flop
Seat 3: 89a15dcf folded before Flop
Seat 4: f5c402e4 collected (3,500)
Seat 5: 7f3ab1e7 folded before Flop
Seat 6: Hero (button) folded before Flop
Seat 7: 90ec15c (small blind) folded before Flop
Seat 8: a5c970a2 (big blind) folded before Flop


Poker Hand #TM5336774077: Tournament #248716921, Fifty Stack $5.50 Hold'em No Limit - Level8(500/1,000) - 2025/12/16 19:08:22
Table '37' 8-max Seat #5 is the button
Seat 1: a72df150 (6,270 in chips)
Seat 2: 7af6738a (39,500 in chips)
Seat 3: 89a15dcf (57,374 in chips)
Seat 4: f5c402e4 (132,256 in chips)
Seat 5: 7f3ab1e7 (45,930 in chips)
Seat 6: Hero (29,189 in chips)
Seat 7: 90ec15c (87,350 in chips)
Seat 8: a5c970a2 (47,900 in chips)
7af6738a: posts the ante 125
a72df150: posts the ante 125
Hero: posts the ante 125
f5c402e4: posts the ante 125
a5c970a2: posts the ante 125
89a15dcf: posts the ante 125
7f3ab1e7: posts the ante 125
90ec15c: posts the ante 125
Hero: posts small blind 500
90ec15c: posts big blind 1,000
*** HOLE CARDS ***
Dealt to a72df150 
Dealt to 7af6738a 
Dealt to 89a15dcf 
Dealt to f5c402e4 
Dealt to 7f3ab1e7 
Dealt to Hero [5h Qc]
Dealt to 90ec15c 
Dealt to a5c970a2 
a5c970a2: raises 1,000 to 2,000
a72df150: folds
7af6738a: raises 4,770 to 6,770
89a15dcf: folds
f5c402e4: folds
7f3ab1e7: folds
Hero: folds
90ec15c: folds
a5c970a2: calls 4,770
*** FLOP *** [4d Qh 6d]
a5c970a2: checks
7af6738a: bets 5,294
a5c970a2: folds
Uncalled bet (5,294) returned to 7af6738a
*** SHOWDOWN ***
7af6738a collected 16,040 from pot
*** SUMMARY ***
Total pot 16,040 | Rake 0 | Jackpot 0 | Bingo 0 | Fortune 0 | Tax 0
Board [4d Qh 6d]
Seat 1: a72df150 folded before Flop
Seat 2: 7af6738a won (16,040)
Seat 3: 89a15dcf folded before Flop
Seat 4: f5c402e4 folded before Flop
Seat 5: 7f3ab1e7 (button) folded before Flop
Seat 6: Hero (small blind) folded before Flop
Seat 7: 90ec15c (big blind) folded before Flop
Seat 8: a5c970a2 folded on the Flop


Poker Hand #TM5336774046: Tournament #248716921, Fifty Stack $5.50 Hold'em No Limit - Level7(400/800) - 2025/12/16 19:07:08
Table '37' 8-max Seat #4 is the button
Seat 1: a72df150 (6,370 in chips)
Seat 2: 7af6738a (39,600 in chips)
Seat 3: 89a15dcf (57,474 in chips)
Seat 4: f5c402e4 (132,356 in chips)
Seat 5: 7f3ab1e7 (42,030 in chips)
Seat 6: Hero (31,689 in chips)
Seat 7: 90ec15c (88,250 in chips)
Seat 8: a5c970a2 (48,000 in chips)
7af6738a: posts the ante 100
a72df150: posts the ante 100
Hero: posts the ante 100
f5c402e4: posts the ante 100
a5c970a2: posts the ante 100
89a15dcf: posts the ante 100
7f3ab1e7: posts the ante 100
90ec15c: posts the ante 100
7f3ab1e7: posts small blind 400
Hero: posts big blind 800
*** HOLE CARDS ***
Dealt to a72df150 
Dealt to 7af6738a 
Dealt to 89a15dcf 
Dealt to f5c402e4 
Dealt to 7f3ab1e7 
Dealt to Hero [8h Jc]
Dealt to 90ec15c 
Dealt to a5c970a2 
90ec15c: calls 800
a5c970a2: folds
a72df150: folds
7af6738a: folds
89a15dcf: folds
f5c402e4: folds
7f3ab1e7: calls 400
Hero: checks
*** FLOP *** [2h Ah Tc]
7f3ab1e7: checks
Hero: checks
90ec15c: checks
*** TURN *** [2h Ah Tc] [9d]
7f3ab1e7: bets 1,600
Hero: calls 1,600
90ec15c: folds
*** RIVER *** [2h Ah Tc 9d] [8c]
7f3ab1e7: bets 2,112
Hero: folds
Uncalled bet (2,112) returned to 7f3ab1e7
*** SHOWDOWN ***
7f3ab1e7 collected 6,400 from pot
*** SUMMARY ***
Total pot 6,400 | Rake 0 | Jackpot 0 | Bingo 0 | Fortune 0 | Tax 0
Board [2h Ah Tc 9d 8c]
Seat 1: a72df150 folded before Flop
Seat 2: 7af6738a folded before Flop
Seat 3: 89a15dcf folded before Flop
Seat 4: f5c402e4 (button) folded before Flop
Seat 5: 7f3ab1e7 (small blind) won (6,400)
Seat 6: Hero (big blind) folded on the River
Seat 7: 90ec15c folded on the Turn
Seat 8: a5c970a2 folded before Flop


Poker Hand #TM5336774023: Tournament #248716921, Fifty Stack $5.50 Hold'em No Limit - Level7(400/800) - 2025/12/16 19:05:53
Table '37' 8-max Seat #3 is the button
Seat 1: a72df150 (8,070 in chips)
Seat 2: 7af6738a (43,700 in chips)
Seat 3: 89a15dcf (57,574 in chips)
Seat 4: f5c402e4 (132,856 in chips)
Seat 5: 7f3ab1e7 (42,930 in chips)
Seat 6: Hero (24,189 in chips)
Seat 7: 90ec15c (88,350 in chips)
Seat 8: a5c970a2 (48,100 in chips)
7af6738a: posts the ante 100
a72df150: posts the ante 100
Hero: posts the ante 100
a5c970a2: posts the ante 100
f5c402e4: posts the ante 100
89a15dcf: posts the ante 100
7f3ab1e7: posts the ante 100
90ec15c: posts the ante 100
f5c402e4: posts small blind 400
7f3ab1e7: posts big blind 800
*** HOLE CARDS ***
Dealt to a72df150 
Dealt to 7af6738a 
Dealt to 89a15dcf 
Dealt to f5c402e4 
Dealt to 7f3ab1e7 
Dealt to Hero [8c Qc]
Dealt to 90ec15c 
Dealt to a5c970a2 
Hero: raises 800 to 1,600
90ec15c: folds
a5c970a2: folds
a72df150: calls 1,600
7af6738a: calls 1,600
89a15dcf: folds
f5c402e4: folds
7f3ab1e7: folds
*** FLOP *** [Qh 5s 4d]
Hero: bets 2,400
a72df150: folds
7af6738a: calls 2,400
*** TURN *** [Qh 5s 4d] [2c]
Hero: bets 5,600
7af6738a: folds
Uncalled bet (5,600) returned to Hero
*** SHOWDOWN ***
Hero collected 11,600 from pot
*** SUMMARY ***
Total pot 11,600 | Rake 0 | Jackpot 0 | Bingo 0 | Fortune 0 | Tax 0
Board [Qh 5s 4d 2c]
Seat 1: a72df150 folded on the Flop
Seat 2: 7af6738a folded on the Turn
Seat 3: 89a15dcf (button) folded before Flop
Seat 4: f5c402e4 (small blind) folded before Flop
Seat 5: 7f3ab1e7 (big blind) folded before Flop
Seat 6: Hero won (11,600)
Seat 7: 90ec15c folded before Flop
Seat 8: a5c970a2 folded before Flop


Poker Hand #TM5336773999: Tournament #248716921, Fifty Stack $5.50 Hold'em No Limit - Level7(400/800) - 2025/12/16 19:04:41
Table '37' 8-max Seat #2 is the button
Seat 1: a72df150 (9,770 in chips)
Seat 2: 7af6738a (43,800 in chips)
Seat 3: 89a15dcf (50,474 in chips)
Seat 4: f5c402e4 (133,756 in chips)
Seat 5: 7f3ab1e7 (43,030 in chips)
Seat 6: Hero (28,289 in chips)
Seat 7: 90ec15c (88,450 in chips)
Seat 8: a5c970a2 (48,200 in chips)
7af6738a: posts the ante 100
a72df150: posts the ante 100
Hero: posts the ante 100
a5c970a2: posts the ante 100
f5c402e4: posts the ante 100
89a15dcf: posts the ante 100
7f3ab1e7: posts the ante 100
90ec15c: posts the ante 100
89a15dcf: posts small blind 400
f5c402e4: posts big blind 800
*** HOLE CARDS ***
Dealt to a72df150 
Dealt to 7af6738a 
Dealt to 89a15dcf 
Dealt to f5c402e4 
Dealt to 7f3ab1e7 
Dealt to Hero [5c As]
Dealt to 90ec15c 
Dealt to a5c970a2 
7f3ab1e7: folds
Hero: calls 800
90ec15c: folds
a5c970a2: folds
a72df150: calls 800
7af6738a: folds
89a15dcf: calls 400
f5c402e4: checks
*** FLOP *** [9c 8s Ad]
89a15dcf: checks
f5c402e4: checks
Hero: checks
a72df150: checks
*** TURN *** [9c 8s Ad] [7h]
89a15dcf: checks
f5c402e4: checks
Hero: bets 800
a72df150: calls 800
89a15dcf: calls 800
f5c402e4: folds
*** RIVER *** [9c 8s Ad 7h] [6c]
89a15dcf: bets 2,400
Hero: calls 2,400
a72df150: folds
89a15dcf: shows [Th Qc] (a straight, Ten to Six)
Hero: shows [5c As] (a straight, Nine to Five)
*** SHOWDOWN ***
89a15dcf collected 11,200 from pot
*** SUMMARY ***
Total pot 11,200 | Rake 0 | Jackpot 0 | Bingo 0 | Fortune 0 | Tax 0
Board [9c 8s Ad 7h 6c]
Seat 1: a72df150 folded on the River
Seat 2: 7af6738a (button) folded before Flop
Seat 3: 89a15dcf (small blind) showed [Th Qc] and won (11,200) with a straight, Ten to Six
Seat 4: f5c402e4 (big blind) folded on the Turn
Seat 5: 7f3ab1e7 folded before Flop
Seat 6: Hero showed [5c As] and lost with a straight, Nine to Five
Seat 7: 90ec15c folded before Flop
Seat 8: a5c970a2 folded before Flop


Poker Hand #TM5336773979: Tournament #248716921, Fifty Stack $5.50 Hold'em No Limit - Level7(400/800) - 2025/12/16 19:03:51
Table '37' 8-max Seat #1 is the button
Seat 1: a72df150 (9,870 in chips)
Seat 2: 7af6738a (46,700 in chips)
Seat 3: 89a15dcf (46,974 in chips)
Seat 4: f5c402e4 (133,856 in chips)
Seat 5: 7f3ab1e7 (43,130 in chips)
Seat 6: Hero (28,389 in chips)
Seat 7: 90ec15c (88,550 in chips)
Seat 8: a5c970a2 (48,300 in chips)
7af6738a: posts the ante 100
a72df150: posts the ante 100
Hero: posts the ante 100
a5c970a2: posts the ante 100
f5c402e4: posts the ante 100
89a15dcf: posts the ante 100
7f3ab1e7: posts the ante 100
90ec15c: posts the ante 100
7af6738a: posts small blind 400
89a15dcf: posts big blind 800
*** HOLE CARDS ***
Dealt to a72df150 
Dealt to 7af6738a 
Dealt to 89a15dcf 
Dealt to f5c402e4 
Dealt to 7f3ab1e7 
Dealt to Hero [4s Js]
Dealt to 90ec15c 
Dealt to a5c970a2 
f5c402e4: folds
7f3ab1e7: folds
Hero: folds
90ec15c: folds
a5c970a2: folds
a72df150: folds
7af6738a: raises 2,000 to 2,800
89a15dcf: raises 4,400 to 7,200
7af6738a: folds
Uncalled bet (4,400) returned to 89a15dcf
*** SHOWDOWN ***
89a15dcf collected 6,400 from pot
*** SUMMARY ***
Total pot 6,400 | Rake 0 | Jackpot 0 | Bingo 0 | Fortune 0 | Tax 0
Seat 1: a72df150 (button) folded before Flop
Seat 2: 7af6738a (small blind) folded before Flop
Seat 3: 89a15dcf (big blind) collected (6,400)
Seat 4: f5c402e4 folded before Flop
Seat 5: 7f3ab1e7 folded before Flop
Seat 6: Hero folded before Flop
Seat 7: 90ec15c folded before Flop
Seat 8: a5c970a2 folded before Flop


Poker Hand #TM5336773962: Tournament #248716921, Fifty Stack $5.50 Hold'em No Limit - Level7(400/800) - 2025/12/16 19:02:56
Table '37' 8-max Seat #8 is the button
Seat 1: a72df150 (10,370 in chips)
Seat 2: 7af6738a (48,400 in chips)
Seat 3: 89a15dcf (47,074 in chips)
Seat 4: f5c402e4 (133,956 in chips)
Seat 5: 7f3ab1e7 (43,230 in chips)
Seat 6: Hero (55,769 in chips)
Seat 7: 90ec15c (58,570 in chips)
Seat 8: a5c970a2 (48,400 in chips)
7af6738a: posts the ante 100
a72df150: posts the ante 100
Hero: posts the ante 100
a5c970a2: posts the ante 100
f5c402e4: posts the ante 100
89a15dcf: posts the ante 100
7f3ab1e7: posts the ante 100
90ec15c: posts the ante 100
a72df150: posts small blind 400
7af6738a: posts big blind 800
*** HOLE CARDS ***
Dealt to a72df150 
Dealt to 7af6738a 
Dealt to 89a15dcf 
Dealt to f5c402e4 
Dealt to 7f3ab1e7 
Dealt to Hero [8c Kc]
Dealt to 90ec15c 
Dealt to a5c970a2 
89a15dcf: folds
f5c402e4: folds
7f3ab1e7: folds
Hero: raises 800 to 1,600
90ec15c: calls 1,600
a5c970a2: folds
a72df150: folds
7af6738a: calls 800
*** FLOP *** [3d Jd Kh]
7af6738a: checks
Hero: bets 1,680
90ec15c: calls 1,680
7af6738a: folds
*** TURN *** [3d Jd Kh] [Ks]
Hero: bets 4,880
90ec15c: calls 4,880
*** RIVER *** [3d Jd Kh Ks] [9d]
Hero: checks
90ec15c: bets 19,120
Hero: calls 19,120
90ec15c: shows [6d 7d] (a flush Jack high)
Hero: shows [8c Kc] (three of a kind, Kings)
*** SHOWDOWN ***
90ec15c collected 57,360 from pot
*** SUMMARY ***
Total pot 57,360 | Rake 0 | Jackpot 0 | Bingo 0 | Fortune 0 | Tax 0
Board [3d Jd Kh Ks 9d]
Seat 1: a72df150 (small blind) folded before Flop
Seat 2: 7af6738a (big blind) folded on the Flop
Seat 3: 89a15dcf folded before Flop
Seat 4: f5c402e4 folded before Flop
Seat 5: 7f3ab1e7 folded before Flop
Seat 6: Hero showed [8c Kc] and lost with three of a kind, Kings
Seat 7: 90ec15c showed [6d 7d] and won (57,360) with a flush Jack high
Seat 8: a5c970a2 (button) folded before Flop


Poker Hand #TM5336773942: Tournament #248716921, Fifty Stack $5.50 Hold'em No Limit - Level7(400/800) - 2025/12/16 19:01:46
Table '37' 8-max Seat #7 is the button
Seat 1: a72df150 (13,522 in chips)
Seat 2: 7af6738a (48,500 in chips)
Seat 3: 89a15dcf (47,174 in chips)
Seat 4: f5c402e4 (134,056 in chips)
Seat 5: 7f3ab1e7 (43,330 in chips)
Seat 6: Hero (55,869 in chips)
Seat 7: 90ec15c (54,418 in chips)
Seat 8: a5c970a2 (48,900 in chips)
7af6738a: posts the ante 100
a72df150: posts the ante 100
Hero: posts the ante 100
f5c402e4: posts the ante 100
a5c970a2: posts the ante 100
89a15dcf: posts the ante 100
7f3ab1e7: posts the ante 100
90ec15c: posts the ante 100
a5c970a2: posts small blind 400
a72df150: posts big blind 800
*** HOLE CARDS ***
Dealt to a72df150 
Dealt to 7af6738a 
Dealt to 89a15dcf 
Dealt to f5c402e4 
Dealt to 7f3ab1e7 
Dealt to Hero [2h Kh]
Dealt to 90ec15c 
Dealt to a5c970a2 
7af6738a: folds
89a15dcf: folds
f5c402e4: folds
7f3ab1e7: folds
Hero: folds
90ec15c: raises 800 to 1,600
a5c970a2: folds
a72df150: calls 800
*** FLOP *** [5h Qs Jc]
a72df150: checks
90ec15c: bets 1,452
a72df150: calls 1,452
*** TURN *** [5h Qs Jc] [4s]
a72df150: checks
90ec15c: checks
*** RIVER *** [5h Qs Jc 4s] [Qh]
a72df150: checks
90ec15c: bets 3,652
a72df150: folds
Uncalled bet (3,652) returned to 90ec15c
*** SHOWDOWN ***
90ec15c collected 7,304 from pot
*** SUMMARY ***
Total pot 7,304 | Rake 0 | Jackpot 0 | Bingo 0 | Fortune 0 | Tax 0
Board [5h Qs Jc 4s Qh]
Seat 1: a72df150 (big blind) folded on the River
Seat 2: 7af6738a folded before Flop
Seat 3: 89a15dcf folded before Flop
Seat 4: f5c402e4 folded before Flop
Seat 5: 7f3ab1e7 folded before Flop
Seat 6: Hero folded before Flop
Seat 7: 90ec15c (button) won (7,304)
Seat 8: a5c970a2 (small blind) folded before Flop


Poker Hand #TM5336773914: Tournament #248716921, Fifty Stack $5.50 Hold'em No Limit - Level7(400/800) - 2025/12/16 18:54:32
Table '37' 8-max Seat #6 is the button
Seat 1: a72df150 (16,422 in chips)
Seat 2: 7af6738a (48,600 in chips)
Seat 3: 89a15dcf (47,274 in chips)
Seat 4: f5c402e4 (134,156 in chips)
Seat 5: 7f3ab1e7 (43,430 in chips)
Seat 6: Hero (51,169 in chips)
Seat 7: 90ec15c (54,918 in chips)
Seat 8: a5c970a2 (49,800 in chips)
7af6738a: posts the ante 100
a72df150: posts the ante 100
Hero: posts the ante 100
f5c402e4: posts the ante 100
a5c970a2: posts the ante 100
89a15dcf: posts the ante 100
7f3ab1e7: posts the ante 100
90ec15c: posts the ante 100
90ec15c: posts small blind 400
a5c970a2: posts big blind 800
*** HOLE CARDS ***
Dealt to a72df150 
Dealt to 7af6738a 
Dealt to 89a15dcf 
Dealt to f5c402e4 
Dealt to 7f3ab1e7 
Dealt to Hero [As Kd]
Dealt to 90ec15c 
Dealt to a5c970a2 
a72df150: calls 800
7af6738a: folds
89a15dcf: folds
f5c402e4: folds
7f3ab1e7: folds
Hero: raises 2,000 to 2,800
90ec15c: folds
a5c970a2: folds
a72df150: calls 2,000
*** FLOP *** [Qc Ac 7d]
a72df150: checks
Hero: bets 13,600
a72df150: folds
Uncalled bet (13,600) returned to Hero
*** SHOWDOWN ***
Hero collected 7,600 from pot
*** SUMMARY ***
Total pot 7,600 | Rake 0 | Jackpot 0 | Bingo 0 | Fortune 0 | Tax 0
Board [Qc Ac 7d]
Seat 1: a72df150 folded on the Flop
Seat 2: 7af6738a folded before Flop
Seat 3: 89a15dcf folded before Flop
Seat 4: f5c402e4 folded before Flop
Seat 5: 7f3ab1e7 folded before Flop
Seat 6: Hero (button) won (7,600)
Seat 7: 90ec15c (small blind) folded before Flop
Seat 8: a5c970a2 (big blind) folded before Flop


Poker Hand #TM5336773903: Tournament #248716921, Fifty Stack $5.50 Hold'em No Limit - Level7(400/800) - 2025/12/16 18:53:58
Table '37' 8-max Seat #5 is the button
Seat 1: a72df150 (16,522 in chips)
Seat 2: 7af6738a (48,700 in chips)
Seat 3: 89a15dcf (47,374 in chips)
Seat 4: f5c402e4 (135,856 in chips)
Seat 5: 7f3ab1e7 (43,530 in chips)
Seat 6: Hero (51,669 in chips)
Seat 7: 90ec15c (52,218 in chips)
Seat 8: a5c970a2 (49,900 in chips)
7af6738a: posts the ante 100
a72df150: posts the ante 100
Hero: posts the ante 100
f5c402e4: posts the ante 100
a5c970a2: posts the ante 100
89a15dcf: posts the ante 100
7f3ab1e7: posts the ante 100
90ec15c: posts the ante 100
Hero: posts small blind 400
90ec15c: posts big blind 800
*** HOLE CARDS ***
Dealt to a72df150 
Dealt to 7af6738a 
Dealt to 89a15dcf 
Dealt to f5c402e4 
Dealt to 7f3ab1e7 
Dealt to Hero [4c 9s]
Dealt to 90ec15c 
Dealt to a5c970a2 
a5c970a2: folds
a72df150: folds
7af6738a: folds
89a15dcf: folds
f5c402e4: raises 800 to 1,600
7f3ab1e7: folds
Hero: folds
90ec15c: calls 800
*** FLOP *** [7s 2d 8c]
90ec15c: checks
f5c402e4: checks
*** TURN *** [7s 2d 8c] [Kh]
90ec15c: bets 2,200
f5c402e4: folds
Uncalled bet (2,200) returned to 90ec15c
*** SHOWDOWN ***
90ec15c collected 4,400 from pot
*** SUMMARY ***
Total pot 4,400 | Rake 0 | Jackpot 0 | Bingo 0 | Fortune 0 | Tax 0
Board [7s 2d 8c Kh]
Seat 1: a72df150 folded before Flop
Seat 2: 7af6738a folded before Flop
Seat 3: 89a15dcf folded before Flop
Seat 4: f5c402e4 folded on the Turn
Seat 5: 7f3ab1e7 (button) folded before Flop
Seat 6: Hero (small blind) folded before Flop
Seat 7: 90ec15c (big blind) won (4,400)
Seat 8: a5c970a2 folded before Flop


Poker Hand #TM5336773893: Tournament #248716921, Fifty Stack $5.50 Hold'em No Limit - Level7(400/800) - 2025/12/16 18:53:31
Table '37' 8-max Seat #4 is the button
Seat 1: a72df150 (16,622 in chips)
Seat 2: 7af6738a (48,800 in chips)
Seat 3: 89a15dcf (47,474 in chips)
Seat 4: f5c402e4 (133,956 in chips)
Seat 5: 7f3ab1e7 (44,030 in chips)
Seat 6: Hero (52,569 in chips)
Seat 7: 90ec15c (52,318 in chips)
Seat 8: a5c970a2 (50,000 in chips)
7af6738a: posts the ante 100
a72df150: posts the ante 100
Hero: posts the ante 100
f5c402e4: posts the ante 100
a5c970a2: posts the ante 100
89a15dcf: posts the ante 100
7f3ab1e7: posts the ante 100
90ec15c: posts the ante 100
7f3ab1e7: posts small blind 400
Hero: posts big blind 800
*** HOLE CARDS ***
Dealt to a72df150 
Dealt to 7af6738a 
Dealt to 89a15dcf 
Dealt to f5c402e4 
Dealt to 7f3ab1e7 
Dealt to Hero [4s 6d]
Dealt to 90ec15c 
Dealt to a5c970a2 
90ec15c: folds
a5c970a2: folds
a72df150: folds
7af6738a: folds
89a15dcf: folds
f5c402e4: raises 800 to 1,600
7f3ab1e7: folds
Hero: folds
Uncalled bet (800) returned to f5c402e4
*** SHOWDOWN ***
f5c402e4 collected 2,800 from pot
*** SUMMARY ***
Total pot 2,800 | Rake 0 | Jackpot 0 | Bingo 0 | Fortune 0 | Tax 0
Seat 1: a72df150 folded before Flop
Seat 2: 7af6738a folded before Flop
Seat 3: 89a15dcf folded before Flop
Seat 4: f5c402e4 (button) collected (2,800)
Seat 5: 7f3ab1e7 (small blind) folded before Flop
Seat 6: Hero (big blind) folded before Flop
Seat 7: 90ec15c folded before Flop
Seat 8: a5c970a2 folded before Flop


Poker Hand #TM5336773876: Tournament #248716921, Fifty Stack $5.50 Hold'em No Limit - Level6(300/600) - 2025/12/16 18:52:07
Table '37' 8-max Seat #3 is the button
Seat 1: a72df150 (16,697 in chips)
Seat 2: 7af6738a (48,875 in chips)
Seat 3: 89a15dcf (47,549 in chips)
Seat 4: f5c402e4 (74,651 in chips)
Seat 5: 7f3ab1e7 (45,425 in chips)
Seat 6: Hero (52,644 in chips)
Seat 7: 90ec15c (52,393 in chips)
Seat 8: a108da62 (57,535 in chips)
7af6738a: posts the ante 75
a72df150: posts the ante 75
Hero: posts the ante 75
a108da62: posts the ante 75
f5c402e4: posts the ante 75
89a15dcf: posts the ante 75
7f3ab1e7: posts the ante 75
90ec15c: posts the ante 75
f5c402e4: posts small blind 300
7f3ab1e7: posts big blind 600
*** HOLE CARDS ***
Dealt to a72df150 
Dealt to 7af6738a 
Dealt to 89a15dcf 
Dealt to f5c402e4 
Dealt to 7f3ab1e7 
Dealt to Hero [8d 2h]
Dealt to 90ec15c 
Dealt to a108da62 
Hero: folds
90ec15c: folds
a108da62: raises 720 to 1,320
a72df150: folds
7af6738a: folds
89a15dcf: folds
f5c402e4: calls 1,020
7f3ab1e7: calls 720
*** FLOP *** [Kd 2d Ah]
f5c402e4: bets 1,800
7f3ab1e7: folds
a108da62: calls 1,800
*** TURN *** [Kd 2d Ah] [8s]
f5c402e4: bets 2,700
a108da62: raises 9,000 to 11,700
f5c402e4: calls 9,000
*** RIVER *** [Kd 2d Ah 8s] [8h]
f5c402e4: bets 1,200
a108da62: raises 41,440 to 42,640 and is all-in
f5c402e4: calls 41,440
a108da62: shows [Tc Qs] (a pair of Eights)
f5c402e4: shows [Kc As] (two pair, Aces and Kings)
*** SHOWDOWN ***
f5c402e4 collected 116,840 from pot
*** SUMMARY ***
Total pot 116,840 | Rake 0 | Jackpot 0 | Bingo 0 | Fortune 0 | Tax 0
Board [Kd 2d Ah 8s 8h]
Seat 1: a72df150 folded before Flop
Seat 2: 7af6738a folded before Flop
Seat 3: 89a15dcf (button) folded before Flop
Seat 4: f5c402e4 (small blind) showed [Kc As] and won (116,840) with two pair, Aces and Kings
Seat 5: 7f3ab1e7 (big blind) folded on the Flop
Seat 6: Hero folded before Flop
Seat 7: 90ec15c folded before Flop
Seat 8: a108da62 showed [Tc Qs] and lost with a pair of Eights


Poker Hand #TM5336773866: Tournament #248716921, Fifty Stack $5.50 Hold'em No Limit - Level6(300/600) - 2025/12/16 18:51:37
Table '37' 8-max Seat #2 is the button
Seat 1: a72df150 (16,772 in chips)
Seat 2: 7af6738a (48,950 in chips)
Seat 3: 89a15dcf (47,924 in chips)
Seat 4: f5c402e4 (72,626 in chips)
Seat 5: 7f3ab1e7 (45,500 in chips)
Seat 6: Hero (53,919 in chips)
Seat 7: 90ec15c (52,468 in chips)
Seat 8: a108da62 (57,610 in chips)
7af6738a: posts the ante 75
a72df150: posts the ante 75
Hero: posts the ante 75
a108da62: posts the ante 75
f5c402e4: posts the ante 75
89a15dcf: posts the ante 75
7f3ab1e7: posts the ante 75
90ec15c: posts the ante 75
89a15dcf: posts small blind 300
f5c402e4: posts big blind 600
*** HOLE CARDS ***
Dealt to a72df150 
Dealt to 7af6738a 
Dealt to 89a15dcf 
Dealt to f5c402e4 
Dealt to 7f3ab1e7 
Dealt to Hero [Js 8s]
Dealt to 90ec15c 
Dealt to a108da62 
7f3ab1e7: folds
Hero: raises 600 to 1,200
90ec15c: folds
a108da62: folds
a72df150: folds
7af6738a: folds
89a15dcf: folds
f5c402e4: calls 600
*** FLOP *** [Qh 7s Ac]
f5c402e4: bets 1,200
Hero: folds
Uncalled bet (1,200) returned to f5c402e4
*** SHOWDOWN ***
f5c402e4 collected 3,300 from pot
*** SUMMARY ***
Total pot 3,300 | Rake 0 | Jackpot 0 | Bingo 0 | Fortune 0 | Tax 0
Board [Qh 7s Ac]
Seat 1: a72df150 folded before Flop
Seat 2: 7af6738a (button) folded before Flop
Seat 3: 89a15dcf (small blind) folded before Flop
Seat 4: f5c402e4 (big blind) won (3,300)
Seat 5: 7f3ab1e7 folded before Flop
Seat 6: Hero folded on the Flop
Seat 7: 90ec15c folded before Flop
Seat 8: a108da62 folded before Flop


Poker Hand #TM5336773853: Tournament #248716921, Fifty Stack $5.50 Hold'em No Limit - Level6(300/600) - 2025/12/16 18:50:26
Table '37' 8-max Seat #1 is the button
Seat 1: a72df150 (19,247 in chips)
Seat 2: 7af6738a (49,325 in chips)
Seat 3: 89a15dcf (44,699 in chips)
Seat 4: f5c402e4 (72,701 in chips)
Seat 5: 7f3ab1e7 (45,575 in chips)
Seat 6: Hero (53,994 in chips)
Seat 7: 90ec15c (52,543 in chips)
Seat 8: a108da62 (57,685 in chips)
7af6738a: posts the ante 75
a72df150: posts the ante 75
Hero: posts the ante 75
a108da62: posts the ante 75
f5c402e4: posts the ante 75
89a15dcf: posts the ante 75
7f3ab1e7: posts the ante 75
90ec15c: posts the ante 75
7af6738a: posts small blind 300
89a15dcf: posts big blind 600
*** HOLE CARDS ***
Dealt to a72df150 
Dealt to 7af6738a 
Dealt to 89a15dcf 
Dealt to f5c402e4 
Dealt to 7f3ab1e7 
Dealt to Hero [Jh 4d]
Dealt to 90ec15c 
Dealt to a108da62 
f5c402e4: folds
7f3ab1e7: folds
Hero: folds
90ec15c: folds
a108da62: folds
a72df150: raises 600 to 1,200
7af6738a: folds
89a15dcf: calls 600
*** FLOP *** [6c Qc 7d]
89a15dcf: checks
a72df150: bets 1,200
89a15dcf: calls 1,200
*** TURN *** [6c Qc 7d] [Jd]
89a15dcf: checks
a72df150: checks
*** RIVER *** [6c Qc 7d Jd] [8h]
89a15dcf: bets 6,000
a72df150: folds
Uncalled bet (6,000) returned to 89a15dcf
*** SHOWDOWN ***
89a15dcf collected 5,700 from pot
*** SUMMARY ***
Total pot 5,700 | Rake 0 | Jackpot 0 | Bingo 0 | Fortune 0 | Tax 0
Board [6c Qc 7d Jd 8h]
Seat 1: a72df150 (button) folded on the River
Seat 2: 7af6738a (small blind) folded before Flop
Seat 3: 89a15dcf (big blind) won (5,700)
Seat 4: f5c402e4 folded before Flop
Seat 5: 7f3ab1e7 folded before Flop
Seat 6: Hero folded before Flop
Seat 7: 90ec15c folded before Flop
Seat 8: a108da62 folded before Flop


Poker Hand #TM5336773838: Tournament #248716921, Fifty Stack $5.50 Hold'em No Limit - Level6(300/600) - 2025/12/16 18:49:34
Table '37' 8-max Seat #8 is the button
Seat 1: a72df150 (15,722 in chips)
Seat 2: 7af6738a (50,000 in chips)
Seat 3: 89a15dcf (45,974 in chips)
Seat 4: f5c402e4 (73,976 in chips)
Seat 5: 7f3ab1e7 (45,650 in chips)
Seat 6: Hero (54,069 in chips)
Seat 7: 90ec15c (52,618 in chips)
Seat 8: a108da62 (57,760 in chips)
7af6738a: posts the ante 75
a72df150: posts the ante 75
Hero: posts the ante 75
a108da62: posts the ante 75
f5c402e4: posts the ante 75
89a15dcf: posts the ante 75
7f3ab1e7: posts the ante 75
90ec15c: posts the ante 75
a72df150: posts small blind 300
7af6738a: posts big blind 600
*** HOLE CARDS ***
Dealt to a72df150 
Dealt to 7af6738a 
Dealt to 89a15dcf 
Dealt to f5c402e4 
Dealt to 7f3ab1e7 
Dealt to Hero [6c 5s]
Dealt to 90ec15c 
Dealt to a108da62 
89a15dcf: raises 600 to 1,200
f5c402e4: calls 1,200
7f3ab1e7: folds
Hero: folds
90ec15c: folds
a108da62: folds
a72df150: raises 14,447 to 15,647 and is all-in
7af6738a: folds
89a15dcf: folds
f5c402e4: folds
Uncalled bet (14,447) returned to a72df150
*** SHOWDOWN ***
a72df150 collected 4,800 from pot
*** SUMMARY ***
Total pot 4,800 | Rake 0 | Jackpot 0 | Bingo 0 | Fortune 0 | Tax 0
Seat 1: a72df150 (small blind) collected (4,800)
Seat 2: 7af6738a (big blind) folded before Flop
Seat 3: 89a15dcf folded before Flop
Seat 4: f5c402e4 folded before Flop
Seat 5: 7f3ab1e7 folded before Flop
Seat 6: Hero folded before Flop
Seat 7: 90ec15c folded before Flop
Seat 8: a108da62 (button) folded before Flop


Poker Hand #TM5336773820: Tournament #248716921, Fifty Stack $5.50 Hold'em No Limit - Level6(300/600) - 2025/12/16 18:48:32
Table '37' 8-max Seat #7 is the button
Seat 1: a72df150 (24,347 in chips)
Seat 2: 8996a876 (71,399 in chips)
Seat 3: 89a15dcf (36,599 in chips)
Seat 4: f5c402e4 (74,051 in chips)
Seat 5: 7f3ab1e7 (45,725 in chips)
Seat 6: Hero (54,144 in chips)
Seat 7: 90ec15c (52,693 in chips)
Seat 8: a108da62 (58,135 in chips)
a72df150: posts the ante 75
Hero: posts the ante 75
f5c402e4: posts the ante 75
a108da62: posts the ante 75
89a15dcf: posts the ante 75
7f3ab1e7: posts the ante 75
8996a876: posts the ante 75
90ec15c: posts the ante 75
a108da62: posts small blind 300
a72df150: posts big blind 600
*** HOLE CARDS ***
Dealt to a72df150 
Dealt to 8996a876 
Dealt to 89a15dcf 
Dealt to f5c402e4 
Dealt to 7f3ab1e7 
Dealt to Hero [2d Jh]
Dealt to 90ec15c 
Dealt to a108da62 
8996a876: folds
89a15dcf: raises 600 to 1,200
f5c402e4: folds
7f3ab1e7: folds
Hero: folds
90ec15c: folds
a108da62: folds
a72df150: calls 600
*** FLOP *** [3h 4s 5d]
a72df150: checks
89a15dcf: bets 1,683
a72df150: calls 1,683
*** TURN *** [3h 4s 5d] [5s]
a72df150: checks
89a15dcf: bets 5,667
a72df150: calls 5,667
*** RIVER *** [3h 4s 5d 5s] [7d]
a72df150: checks
89a15dcf: checks
a72df150: shows [Kd As] (a pair of Fives)
89a15dcf: shows [8c 8s] (two pair, Eights and Fives)
*** SHOWDOWN ***
89a15dcf collected 18,000 from pot
*** SUMMARY ***
Total pot 18,000 | Rake 0 | Jackpot 0 | Bingo 0 | Fortune 0 | Tax 0
Board [3h 4s 5d 5s 7d]
Seat 1: a72df150 (big blind) showed [Kd As] and lost with a pair of Fives
Seat 2: 8996a876 folded before Flop
Seat 3: 89a15dcf showed [8c 8s] and won (18,000) with two pair, Eights and Fives
Seat 4: f5c402e4 folded before Flop
Seat 5: 7f3ab1e7 folded before Flop
Seat 6: Hero folded before Flop
Seat 7: 90ec15c (button) folded before Flop
Seat 8: a108da62 (small blind) folded before Flop


Poker Hand #TM5336773807: Tournament #248716921, Fifty Stack $5.50 Hold'em No Limit - Level6(300/600) - 2025/12/16 18:47:35
Table '37' 8-max Seat #6 is the button
Seat 1: a72df150 (24,422 in chips)
Seat 2: 8996a876 (71,474 in chips)
Seat 3: 89a15dcf (36,674 in chips)
Seat 4: f5c402e4 (74,126 in chips)
Seat 5: 7f3ab1e7 (50,000 in chips)
Seat 6: Hero (48,519 in chips)
Seat 7: 90ec15c (53,068 in chips)
Seat 8: a108da62 (58,810 in chips)
a72df150: posts the ante 75
Hero: posts the ante 75
f5c402e4: posts the ante 75
a108da62: posts the ante 75
89a15dcf: posts the ante 75
7f3ab1e7: posts the ante 75
8996a876: posts the ante 75
90ec15c: posts the ante 75
90ec15c: posts small blind 300
a108da62: posts big blind 600
*** HOLE CARDS ***
Dealt to a72df150 
Dealt to 8996a876 
Dealt to 89a15dcf 
Dealt to f5c402e4 
Dealt to 7f3ab1e7 
Dealt to Hero [Ad Js]
Dealt to 90ec15c 
Dealt to a108da62 
a72df150: folds
8996a876: folds
89a15dcf: folds
f5c402e4: folds
7f3ab1e7: raises 660 to 1,260
Hero: raises 2,940 to 4,200
90ec15c: folds
a108da62: folds
7f3ab1e7: calls 2,940
*** FLOP *** [6c 7h 9s]
7f3ab1e7: checks
Hero: bets 4,440
7f3ab1e7: folds
Uncalled bet (4,440) returned to Hero
*** SHOWDOWN ***
Hero collected 9,900 from pot
*** SUMMARY ***
Total pot 9,900 | Rake 0 | Jackpot 0 | Bingo 0 | Fortune 0 | Tax 0
Board [6c 7h 9s]
Seat 1: a72df150 folded before Flop
Seat 2: 8996a876 folded before Flop
Seat 3: 89a15dcf folded before Flop
Seat 4: f5c402e4 folded before Flop
Seat 5: 7f3ab1e7 folded on the Flop
Seat 6: Hero (button) won (9,900)
Seat 7: 90ec15c (small blind) folded before Flop
Seat 8: a108da62 (big blind) folded before Flop


Poker Hand #TM5336773780: Tournament #248716921, Fifty Stack $5.50 Hold'em No Limit - Level6(300/600) - 2025/12/16 18:45:50
Table '37' 8-max Seat #4 is the button
Seat 1: a72df150 (26,897 in chips)
Seat 2: 8996a876 (71,549 in chips)
Seat 3: 89a15dcf (39,149 in chips)
Seat 4: f5c402e4 (67,376 in chips)
Seat 6: Hero (48,894 in chips)
Seat 7: 90ec15c (54,343 in chips)
Seat 8: a108da62 (58,885 in chips)
a72df150: posts the ante 75
Hero: posts the ante 75
f5c402e4: posts the ante 75
a108da62: posts the ante 75
89a15dcf: posts the ante 75
8996a876: posts the ante 75
90ec15c: posts the ante 75
Hero: posts small blind 300
90ec15c: posts big blind 600
*** HOLE CARDS ***
Dealt to a72df150 
Dealt to 8996a876 
Dealt to 89a15dcf 
Dealt to f5c402e4 
Dealt to Hero [2d 4s]
Dealt to 90ec15c 
Dealt to a108da62 
a108da62: folds
a72df150: calls 600
8996a876: folds
89a15dcf: raises 600 to 1,200
f5c402e4: calls 1,200
Hero: folds
90ec15c: calls 600
a72df150: calls 600
*** FLOP *** [Ad 6h 4d]
90ec15c: checks
a72df150: checks
89a15dcf: checks
f5c402e4: checks
*** TURN *** [Ad 6h 4d] [5h]
90ec15c: checks
a72df150: bets 1,200
89a15dcf: calls 1,200
f5c402e4: calls 1,200
90ec15c: folds
*** RIVER *** [Ad 6h 4d 5h] [7d]
a72df150: checks
89a15dcf: checks
f5c402e4: checks
a72df150: shows [2h As] (a pair of Aces)
89a15dcf: shows [Kc 6c] (a pair of Sixes)
f5c402e4: shows [3h 9h] (a straight, Seven to Three)
*** SHOWDOWN ***
f5c402e4 collected 9,225 from pot
*** SUMMARY ***
Total pot 9,225 | Rake 0 | Jackpot 0 | Bingo 0 | Fortune 0 | Tax 0
Board [Ad 6h 4d 5h 7d]
Seat 1: a72df150 showed [2h As] and lost with a pair of Aces
Seat 2: 8996a876 folded before Flop
Seat 3: 89a15dcf showed [Kc 6c] and lost with a pair of Sixes
Seat 4: f5c402e4 (button) showed [3h 9h] and won (9,225) with a straight, Seven to Three
Seat 6: Hero (small blind) folded before Flop
Seat 7: 90ec15c (big blind) folded on the Turn
Seat 8: a108da62 folded before Flop


Poker Hand #TM5336773763: Tournament #248716921, Fifty Stack $5.50 Hold'em No Limit - Level5(250/500) - 2025/12/16 18:44:49
Table '37' 8-max Seat #3 is the button
Seat 1: a72df150 (29,457 in chips)
Seat 2: 8996a876 (71,609 in chips)
Seat 3: 89a15dcf (40,709 in chips)
Seat 4: f5c402e4 (62,516 in chips)
Seat 6: Hero (49,454 in chips)
Seat 7: 90ec15c (54,403 in chips)
Seat 8: a108da62 (58,945 in chips)
a72df150: posts the ante 60
Hero: posts the ante 60
a108da62: posts the ante 60
f5c402e4: posts the ante 60
89a15dcf: posts the ante 60
8996a876: posts the ante 60
90ec15c: posts the ante 60
f5c402e4: posts small blind 250
Hero: posts big blind 500
*** HOLE CARDS ***
Dealt to a72df150 
Dealt to 8996a876 
Dealt to 89a15dcf 
Dealt to f5c402e4 
Dealt to Hero [Ts 2d]
Dealt to 90ec15c 
Dealt to a108da62 
90ec15c: folds
a108da62: folds
a72df150: calls 500
8996a876: folds
89a15dcf: raises 1,000 to 1,500
f5c402e4: calls 1,250
Hero: folds
a72df150: calls 1,000
*** FLOP *** [Qh 4h Ac]
f5c402e4: bets 1,000
a72df150: calls 1,000
89a15dcf: folds
*** TURN *** [Qh 4h Ac] [6c]
f5c402e4: bets 3,750
a72df150: folds
Uncalled bet (3,750) returned to f5c402e4
*** SHOWDOWN ***
f5c402e4 collected 7,420 from pot
*** SUMMARY ***
Total pot 7,420 | Rake 0 | Jackpot 0 | Bingo 0 | Fortune 0 | Tax 0
Board [Qh 4h Ac 6c]
Seat 1: a72df150 folded on the Turn
Seat 2: 8996a876 folded before Flop
Seat 3: 89a15dcf (button) folded on the Flop
Seat 4: f5c402e4 (small blind) won (7,420)
Seat 6: Hero (big blind) folded before Flop
Seat 7: 90ec15c folded before Flop
Seat 8: a108da62 folded before Flop


Poker Hand #TM5336773759: Tournament #248716921, Fifty Stack $5.50 Hold'em No Limit - Level5(250/500) - 2025/12/16 18:44:25
Table '37' 8-max Seat #2 is the button
Seat 1: a72df150 (29,517 in chips)
Seat 2: 8996a876 (71,669 in chips)
Seat 3: 89a15dcf (41,019 in chips)
Seat 4: f5c402e4 (61,846 in chips)
Seat 5: 132cd81b (37,566 in chips)
Seat 6: Hero (49,514 in chips)
Seat 7: 90ec15c (54,463 in chips)
Seat 8: a108da62 (59,005 in chips)
a72df150: posts the ante 60
Hero: posts the ante 60
132cd81b: posts the ante 60
a108da62: posts the ante 60
f5c402e4: posts the ante 60
89a15dcf: posts the ante 60
8996a876: posts the ante 60
90ec15c: posts the ante 60
89a15dcf: posts small blind 250
f5c402e4: posts big blind 500
*** HOLE CARDS ***
Dealt to a72df150 
Dealt to 8996a876 
Dealt to 89a15dcf 
Dealt to f5c402e4 
Dealt to 132cd81b 
Dealt to Hero [4h 7d]
Dealt to 90ec15c 
Dealt to a108da62 
132cd81b: folds
Hero: folds
90ec15c: folds
a108da62: folds
a72df150: folds
8996a876: folds
89a15dcf: folds
Uncalled bet (250) returned to f5c402e4
*** SHOWDOWN ***
f5c402e4 collected 980 from pot
*** SUMMARY ***
Total pot 980 | Rake 0 | Jackpot 0 | Bingo 0 | Fortune 0 | Tax 0
Seat 1: a72df150 folded before Flop
Seat 2: 8996a876 (button) folded before Flop
Seat 3: 89a15dcf (small blind) folded before Flop
Seat 4: f5c402e4 (big blind) collected (980)
Seat 5: 132cd81b folded before Flop
Seat 6: Hero folded before Flop
Seat 7: 90ec15c folded before Flop
Seat 8: a108da62 folded before Flop


Poker Hand #TM5336773739: Tournament #248716921, Fifty Stack $5.50 Hold'em No Limit - Level5(250/500) - 2025/12/16 18:42:53
Table '37' 8-max Seat #1 is the button
Seat 1: a72df150 (29,577 in chips)
Seat 2: 8996a876 (71,979 in chips)
Seat 3: 89a15dcf (41,579 in chips)
Seat 4: f5c402e4 (61,906 in chips)
Seat 5: 132cd81b (40,022 in chips)
Seat 6: Hero (57,820 in chips)
Seat 7: 90ec15c (42,651 in chips)
Seat 8: a108da62 (59,065 in chips)
a72df150: posts the ante 60
Hero: posts the ante 60
132cd81b: posts the ante 60
a108da62: posts the ante 60
f5c402e4: posts the ante 60
89a15dcf: posts the ante 60
8996a876: posts the ante 60
90ec15c: posts the ante 60
8996a876: posts small blind 250
89a15dcf: posts big blind 500
*** HOLE CARDS ***
Dealt to a72df150 
Dealt to 8996a876 
Dealt to 89a15dcf 
Dealt to f5c402e4 
Dealt to 132cd81b 
Dealt to Hero [Qh Th]
Dealt to 90ec15c 
Dealt to a108da62 
f5c402e4: folds
132cd81b: raises 500 to 1,000
Hero: calls 1,000
90ec15c: calls 1,000
a108da62: folds
a72df150: folds
8996a876: folds
89a15dcf: folds
*** FLOP *** [5h Jd 7s]
132cd81b: checks
Hero: checks
90ec15c: bets 1,396
132cd81b: calls 1,396
Hero: calls 1,396
*** TURN *** [5h Jd 7s] [Kd]
132cd81b: checks
Hero: checks
90ec15c: checks
*** RIVER *** [5h Jd 7s Kd] [8c]
132cd81b: checks
Hero: bets 5,850
90ec15c: calls 5,850
132cd81b: folds
Hero: shows [Qh Th] (King high)
90ec15c: shows [Ts Jc] (a pair of Jacks)
*** SHOWDOWN ***
90ec15c collected 20,118 from pot
*** SUMMARY ***
Total pot 20,118 | Rake 0 | Jackpot 0 | Bingo 0 | Fortune 0 | Tax 0
Board [5h Jd 7s Kd 8c]
Seat 1: a72df150 (button) folded before Flop
Seat 2: 8996a876 (small blind) folded before Flop
Seat 3: 89a15dcf (big blind) folded before Flop
Seat 4: f5c402e4 folded before Flop
Seat 5: 132cd81b folded on the River
Seat 6: Hero showed [Qh Th] and lost with King high
Seat 7: 90ec15c showed [Ts Jc] and won (20,118) with a pair of Jacks
Seat 8: a108da62 folded before Flop


Poker Hand #TM5336773732: Tournament #248716921, Fifty Stack $5.50 Hold'em No Limit - Level5(250/500) - 2025/12/16 18:42:16
Table '37' 8-max Seat #8 is the button
Seat 1: a72df150 (29,887 in chips)
Seat 2: 8996a876 (70,309 in chips)
Seat 3: 89a15dcf (41,639 in chips)
Seat 4: f5c402e4 (61,966 in chips)
Seat 5: 132cd81b (41,082 in chips)
Seat 6: Hero (57,880 in chips)
Seat 7: 90ec15c (42,711 in chips)
Seat 8: a108da62 (59,125 in chips)
a72df150: posts the ante 60
Hero: posts the ante 60
132cd81b: posts the ante 60
a108da62: posts the ante 60
f5c402e4: posts the ante 60
89a15dcf: posts the ante 60
8996a876: posts the ante 60
90ec15c: posts the ante 60
a72df150: posts small blind 250
8996a876: posts big blind 500
*** HOLE CARDS ***
Dealt to a72df150 
Dealt to 8996a876 
Dealt to 89a15dcf 
Dealt to f5c402e4 
Dealt to 132cd81b 
Dealt to Hero [Th 4c]
Dealt to 90ec15c 
Dealt to a108da62 
89a15dcf: folds
f5c402e4: folds
132cd81b: raises 500 to 1,000
Hero: folds
90ec15c: folds
a108da62: folds
a72df150: folds
8996a876: raises 3,000 to 4,000
132cd81b: folds
Uncalled bet (3,000) returned to 8996a876
*** SHOWDOWN ***
8996a876 collected 2,730 from pot
*** SUMMARY ***
Total pot 2,730 | Rake 0 | Jackpot 0 | Bingo 0 | Fortune 0 | Tax 0
Seat 1: a72df150 (small blind) folded before Flop
Seat 2: 8996a876 (big blind) collected (2,730)
Seat 3: 89a15dcf folded before Flop
Seat 4: f5c402e4 folded before Flop
Seat 5: 132cd81b folded before Flop
Seat 6: Hero folded before Flop
Seat 7: 90ec15c folded before Flop
Seat 8: a108da62 (button) folded before Flop


Poker Hand #TM5336773722: Tournament #248716921, Fifty Stack $5.50 Hold'em No Limit - Level5(250/500) - 2025/12/16 18:41:25
Table '37' 8-max Seat #7 is the button
Seat 1: a72df150 (28,717 in chips)
Seat 2: 8996a876 (70,369 in chips)
Seat 3: 89a15dcf (41,699 in chips)
Seat 4: f5c402e4 (62,526 in chips)
Seat 5: 132cd81b (41,142 in chips)
Seat 6: Hero (57,940 in chips)
Seat 7: 90ec15c (42,771 in chips)
Seat 8: a108da62 (59,435 in chips)
a72df150: posts the ante 60
Hero: posts the ante 60
132cd81b: posts the ante 60
f5c402e4: posts the ante 60
a108da62: posts the ante 60
89a15dcf: posts the ante 60
8996a876: posts the ante 60
90ec15c: posts the ante 60
a108da62: posts small blind 250
a72df150: posts big blind 500
*** HOLE CARDS ***
Dealt to a72df150 
Dealt to 8996a876 
Dealt to 89a15dcf 
Dealt to f5c402e4 
Dealt to 132cd81b 
Dealt to Hero [6s Td]
Dealt to 90ec15c 
Dealt to a108da62 
8996a876: folds
89a15dcf: folds
f5c402e4: calls 500
132cd81b: folds
Hero: folds
90ec15c: folds
a108da62: folds
a72df150: checks
*** FLOP *** [6c Jd Kc]
a72df150: checks
f5c402e4: checks
*** TURN *** [6c Jd Kc] [4d]
a72df150: checks
f5c402e4: checks
*** RIVER *** [6c Jd Kc 4d] [Qc]
a72df150: bets 1,000
f5c402e4: folds
Uncalled bet (1,000) returned to a72df150
*** SHOWDOWN ***
a72df150 collected 1,730 from pot
*** SUMMARY ***
Total pot 1,730 | Rake 0 | Jackpot 0 | Bingo 0 | Fortune 0 | Tax 0
Board [6c Jd Kc 4d Qc]
Seat 1: a72df150 (big blind) won (1,730)
Seat 2: 8996a876 folded before Flop
Seat 3: 89a15dcf folded before Flop
Seat 4: f5c402e4 folded on the River
Seat 5: 132cd81b folded before Flop
Seat 6: Hero folded before Flop
Seat 7: 90ec15c (button) folded before Flop
Seat 8: a108da62 (small blind) folded before Flop


Poker Hand #TM5336773708: Tournament #248716921, Fifty Stack $5.50 Hold'em No Limit - Level5(250/500) - 2025/12/16 18:40:13
Table '37' 8-max Seat #6 is the button
Seat 1: a72df150 (28,777 in chips)
Seat 2: 8996a876 (70,429 in chips)
Seat 3: 89a15dcf (41,759 in chips)
Seat 4: f5c402e4 (58,356 in chips)
Seat 5: 132cd81b (41,202 in chips)
Seat 6: Hero (58,000 in chips)
Seat 7: 90ec15c (45,581 in chips)
Seat 8: a108da62 (60,495 in chips)
a72df150: posts the ante 60
Hero: posts the ante 60
132cd81b: posts the ante 60
f5c402e4: posts the ante 60
a108da62: posts the ante 60
89a15dcf: posts the ante 60
8996a876: posts the ante 60
90ec15c: posts the ante 60
90ec15c: posts small blind 250
a108da62: posts big blind 500
*** HOLE CARDS ***
Dealt to a72df150 
Dealt to 8996a876 
Dealt to 89a15dcf 
Dealt to f5c402e4 
Dealt to 132cd81b 
Dealt to Hero [8d Js]
Dealt to 90ec15c 
Dealt to a108da62 
a72df150: folds
8996a876: folds
89a15dcf: folds
f5c402e4: calls 500
132cd81b: folds
Hero: folds
90ec15c: raises 500 to 1,000
a108da62: calls 500
f5c402e4: calls 500
*** FLOP *** [Qh 6h 5s]
90ec15c: checks
a108da62: checks
f5c402e4: bets 1,750
90ec15c: calls 1,750
a108da62: folds
*** TURN *** [Qh 6h 5s] [5d]
90ec15c: checks
f5c402e4: bets 1,000
90ec15c: folds
Uncalled bet (1,000) returned to f5c402e4
*** SHOWDOWN ***
f5c402e4 collected 6,980 from pot
*** SUMMARY ***
Total pot 6,980 | Rake 0 | Jackpot 0 | Bingo 0 | Fortune 0 | Tax 0
Board [Qh 6h 5s 5d]
Seat 1: a72df150 folded before Flop
Seat 2: 8996a876 folded before Flop
Seat 3: 89a15dcf folded before Flop
Seat 4: f5c402e4 won (6,980)
Seat 5: 132cd81b folded before Flop
Seat 6: Hero (button) folded before Flop
Seat 7: 90ec15c (small blind) folded on the Turn
Seat 8: a108da62 (big blind) folded on the Flop


Poker Hand #TM5336773694: Tournament #248716921, Fifty Stack $5.50 Hold'em No Limit - Level5(250/500) - 2025/12/16 18:38:58
Table '37' 8-max Seat #5 is the button
Seat 1: a72df150 (28,837 in chips)
Seat 2: 8996a876 (70,489 in chips)
Seat 3: 89a15dcf (41,819 in chips)
Seat 4: f5c402e4 (63,516 in chips)
Seat 5: 132cd81b (41,262 in chips)
Seat 6: Hero (58,310 in chips)
Seat 7: 90ec15c (38,711 in chips)
Seat 8: a108da62 (61,655 in chips)
a72df150: posts the ante 60
132cd81b: posts the ante 60
Hero: posts the ante 60
f5c402e4: posts the ante 60
a108da62: posts the ante 60
89a15dcf: posts the ante 60
8996a876: posts the ante 60
90ec15c: posts the ante 60
Hero: posts small blind 250
90ec15c: posts big blind 500
*** HOLE CARDS ***
Dealt to a72df150 
Dealt to 8996a876 
Dealt to 89a15dcf 
Dealt to f5c402e4 
Dealt to 132cd81b 
Dealt to Hero [Ac 6s]
Dealt to 90ec15c 
Dealt to a108da62 
a108da62: raises 600 to 1,100
a72df150: folds
8996a876: folds
89a15dcf: folds
f5c402e4: calls 1,100
132cd81b: folds
Hero: folds
90ec15c: calls 600
*** FLOP *** [Kh 7d 9s]
90ec15c: checks
a108da62: checks
f5c402e4: bets 1,500
90ec15c: calls 1,500
a108da62: folds
*** TURN *** [Kh 7d 9s] [6h]
90ec15c: checks
f5c402e4: bets 2,500
90ec15c: calls 2,500
*** RIVER *** [Kh 7d 9s 6h] [5s]
90ec15c: bets 12,030
f5c402e4: folds
Uncalled bet (12,030) returned to 90ec15c
*** SHOWDOWN ***
90ec15c collected 12,030 from pot
*** SUMMARY ***
Total pot 12,030 | Rake 0 | Jackpot 0 | Bingo 0 | Fortune 0 | Tax 0
Board [Kh 7d 9s 6h 5s]
Seat 1: a72df150 folded before Flop
Seat 2: 8996a876 folded before Flop
Seat 3: 89a15dcf folded before Flop
Seat 4: f5c402e4 folded on the River
Seat 5: 132cd81b (button) folded before Flop
Seat 6: Hero (small blind) folded before Flop
Seat 7: 90ec15c (big blind) won (12,030)
Seat 8: a108da62 folded on the Flop


Poker Hand #TM5336773679: Tournament #248716921, Fifty Stack $5.50 Hold'em No Limit - Level5(250/500) - 2025/12/16 18:37:42
Table '37' 8-max Seat #4 is the button
Seat 1: a72df150 (27,657 in chips)
Seat 2: 8996a876 (70,549 in chips)
Seat 3: 89a15dcf (41,879 in chips)
Seat 4: f5c402e4 (64,826 in chips)
Seat 5: 132cd81b (41,572 in chips)
Seat 6: Hero (58,870 in chips)
Seat 7: 90ec15c (38,771 in chips)
Seat 8: a108da62 (60,475 in chips)
a72df150: posts the ante 60
Hero: posts the ante 60
132cd81b: posts the ante 60
f5c402e4: posts the ante 60
a108da62: posts the ante 60
89a15dcf: posts the ante 60
8996a876: posts the ante 60
90ec15c: posts the ante 60
132cd81b: posts small blind 250
Hero: posts big blind 500
*** HOLE CARDS ***
Dealt to a72df150 
Dealt to 8996a876 
Dealt to 89a15dcf 
Dealt to f5c402e4 
Dealt to 132cd81b 
Dealt to Hero [4h 2h]
Dealt to 90ec15c 
Dealt to a108da62 
90ec15c: folds
a108da62: raises 750 to 1,250
a72df150: calls 1,250
8996a876: folds
89a15dcf: folds
f5c402e4: calls 1,250
132cd81b: folds
Hero: folds
*** FLOP *** [7s Ad 9h]
a108da62: bets 2,490
a72df150: calls 2,490
f5c402e4: folds
*** TURN *** [7s Ad 9h] [6d]
a108da62: checks
a72df150: checks
*** RIVER *** [7s Ad 9h 6d] [5c]
a108da62: checks
a72df150: bets 3,287
a108da62: calls 3,287
a72df150: shows [Kc Ac] (a pair of Aces)
a108da62: shows [As Ks] (a pair of Aces)
*** SHOWDOWN ***
a72df150 collected 8,267 from pot
a108da62 collected 8,267 from pot
*** SUMMARY ***
Total pot 16,534 | Rake 0 | Jackpot 0 | Bingo 0 | Fortune 0 | Tax 0
Board [7s Ad 9h 6d 5c]
Seat 1: a72df150 showed [Kc Ac] and won (8,267) with a pair of Aces
Seat 2: 8996a876 folded before Flop
Seat 3: 89a15dcf folded before Flop
Seat 4: f5c402e4 (button) folded on the Flop
Seat 5: 132cd81b (small blind) folded before Flop
Seat 6: Hero (big blind) folded before Flop
Seat 7: 90ec15c folded before Flop
Seat 8: a108da62 showed [As Ks] and won (8,267) with a pair of Aces


Poker Hand #TM5336773666: Tournament #248716921, Fifty Stack $5.50 Hold'em No Limit - Level4(200/400) - 2025/12/16 18:36:50
Table '37' 8-max Seat #3 is the button
Seat 1: a72df150 (27,707 in chips)
Seat 2: 8996a876 (70,599 in chips)
Seat 3: 89a15dcf (41,929 in chips)
Seat 4: f5c402e4 (59,476 in chips)
Seat 5: 132cd81b (42,422 in chips)
Seat 6: Hero (58,920 in chips)
Seat 7: 90ec15c (43,021 in chips)
Seat 8: a108da62 (60,525 in chips)
a72df150: posts the ante 50
Hero: posts the ante 50
132cd81b: posts the ante 50
a108da62: posts the ante 50
f5c402e4: posts the ante 50
89a15dcf: posts the ante 50
8996a876: posts the ante 50
90ec15c: posts the ante 50
f5c402e4: posts small blind 200
132cd81b: posts big blind 400
*** HOLE CARDS ***
Dealt to a72df150 
Dealt to 8996a876 
Dealt to 89a15dcf 
Dealt to f5c402e4 
Dealt to 132cd81b 
Dealt to Hero [5c 4d]
Dealt to 90ec15c 
Dealt to a108da62 
Hero: folds
90ec15c: raises 400 to 800
a108da62: folds
a72df150: folds
8996a876: folds
89a15dcf: folds
f5c402e4: calls 600
132cd81b: calls 400
*** FLOP *** [9d 3c 3h]
f5c402e4: checks
132cd81b: checks
90ec15c: bets 1,400
f5c402e4: calls 1,400
132cd81b: folds
*** TURN *** [9d 3c 3h] [6d]
f5c402e4: checks
90ec15c: checks
*** RIVER *** [9d 3c 3h 6d] [As]
f5c402e4: bets 2,000
90ec15c: calls 2,000
f5c402e4: shows [Kc Ac] (two pair, Aces and Threes)
90ec15c: shows [Qs 9s] (two pair, Nines and Threes)
*** SHOWDOWN ***
f5c402e4 collected 9,600 from pot
*** SUMMARY ***
Total pot 9,600 | Rake 0 | Jackpot 0 | Bingo 0 | Fortune 0 | Tax 0
Board [9d 3c 3h 6d As]
Seat 1: a72df150 folded before Flop
Seat 2: 8996a876 folded before Flop
Seat 3: 89a15dcf (button) folded before Flop
Seat 4: f5c402e4 (small blind) showed [Kc Ac] and won (9,600) with two pair, Aces and Threes
Seat 5: 132cd81b (big blind) folded on the Flop
Seat 6: Hero folded before Flop
Seat 7: 90ec15c showed [Qs 9s] and lost with two pair, Nines and Threes
Seat 8: a108da62 folded before Flop


Poker Hand #TM5336773656: Tournament #248716921, Fifty Stack $5.50 Hold'em No Limit - Level4(200/400) - 2025/12/16 18:36:12
Table '37' 8-max Seat #2 is the button
Seat 1: a72df150 (28,157 in chips)
Seat 2: 8996a876 (70,649 in chips)
Seat 3: 89a15dcf (42,379 in chips)
Seat 4: f5c402e4 (58,326 in chips)
Seat 5: 132cd81b (42,472 in chips)
Seat 6: Hero (58,970 in chips)
Seat 7: 90ec15c (43,071 in chips)
Seat 8: a108da62 (60,575 in chips)
a72df150: posts the ante 50
Hero: posts the ante 50
132cd81b: posts the ante 50
a108da62: posts the ante 50
f5c402e4: posts the ante 50
89a15dcf: posts the ante 50
8996a876: posts the ante 50
90ec15c: posts the ante 50
89a15dcf: posts small blind 200
f5c402e4: posts big blind 400
*** HOLE CARDS ***
Dealt to a72df150 
Dealt to 8996a876 
Dealt to 89a15dcf 
Dealt to f5c402e4 
Dealt to 132cd81b 
Dealt to Hero [8c 6h]
Dealt to 90ec15c 
Dealt to a108da62 
132cd81b: folds
Hero: folds
90ec15c: folds
a108da62: folds
a72df150: calls 400
8996a876: folds
89a15dcf: calls 200
f5c402e4: checks
*** FLOP *** [Qc 7h 7d]
89a15dcf: checks
f5c402e4: bets 800
a72df150: folds
89a15dcf: folds
Uncalled bet (800) returned to f5c402e4
*** SHOWDOWN ***
f5c402e4 collected 1,600 from pot
*** SUMMARY ***
Total pot 1,600 | Rake 0 | Jackpot 0 | Bingo 0 | Fortune 0 | Tax 0
Board [Qc 7h 7d]
Seat 1: a72df150 folded on the Flop
Seat 2: 8996a876 (button) folded before Flop
Seat 3: 89a15dcf (small blind) folded on the Flop
Seat 4: f5c402e4 (big blind) won (1,600)
Seat 5: 132cd81b folded before Flop
Seat 6: Hero folded before Flop
Seat 7: 90ec15c folded before Flop
Seat 8: a108da62 folded before Flop


Poker Hand #TM5336773651: Tournament #248716921, Fifty Stack $5.50 Hold'em No Limit - Level4(200/400) - 2025/12/16 18:35:28
Table '37' 8-max Seat #1 is the button
Seat 1: a72df150 (28,207 in chips)
Seat 2: 8996a876 (70,899 in chips)
Seat 3: 89a15dcf (43,229 in chips)
Seat 4: f5c402e4 (56,976 in chips)
Seat 5: 132cd81b (42,522 in chips)
Seat 6: Hero (59,020 in chips)
Seat 7: 90ec15c (43,121 in chips)
Seat 8: a108da62 (60,625 in chips)
a72df150: posts the ante 50
Hero: posts the ante 50
132cd81b: posts the ante 50
a108da62: posts the ante 50
f5c402e4: posts the ante 50
89a15dcf: posts the ante 50
8996a876: posts the ante 50
90ec15c: posts the ante 50
8996a876: posts small blind 200
89a15dcf: posts big blind 400
*** HOLE CARDS ***
Dealt to a72df150 
Dealt to 8996a876 
Dealt to 89a15dcf 
Dealt to f5c402e4 
Dealt to 132cd81b 
Dealt to Hero [7d As]
Dealt to 90ec15c 
Dealt to a108da62 
f5c402e4: raises 400 to 800
132cd81b: folds
Hero: folds
90ec15c: folds
a108da62: folds
a72df150: folds
8996a876: folds
89a15dcf: calls 400
*** FLOP *** [Ts Jd Kc]
89a15dcf: checks
f5c402e4: checks
*** TURN *** [Ts Jd Kc] [6c]
89a15dcf: checks
f5c402e4: checks
*** RIVER *** [Ts Jd Kc 6c] [Ad]
89a15dcf: checks
f5c402e4: checks
89a15dcf: shows [5d 8c] (Ace high)
f5c402e4: shows [9c 9h] (a pair of Nines)
*** SHOWDOWN ***
f5c402e4 collected 2,200 from pot
*** SUMMARY ***
Total pot 2,200 | Rake 0 | Jackpot 0 | Bingo 0 | Fortune 0 | Tax 0
Board [Ts Jd Kc 6c Ad]
Seat 1: a72df150 (button) folded before Flop
Seat 2: 8996a876 (small blind) folded before Flop
Seat 3: 89a15dcf (big blind) showed [5d 8c] and lost with Ace high
Seat 4: f5c402e4 showed [9c 9h] and won (2,200) with a pair of Nines
Seat 5: 132cd81b folded before Flop
Seat 6: Hero folded before Flop
Seat 7: 90ec15c folded before Flop
Seat 8: a108da62 folded before Flop


Poker Hand #TM5336773642: Tournament #248716921, Fifty Stack $5.50 Hold'em No Limit - Level4(200/400) - 2025/12/16 18:34:57
Table '37' 8-max Seat #8 is the button
Seat 1: a72df150 (28,457 in chips)
Seat 2: 8996a876 (71,349 in chips)
Seat 3: 89a15dcf (43,279 in chips)
Seat 4: f5c402e4 (57,026 in chips)
Seat 5: 132cd81b (42,572 in chips)
Seat 6: Hero (59,070 in chips)
Seat 7: 90ec15c (43,171 in chips)
Seat 8: a108da62 (59,675 in chips)
a72df150: posts the ante 50
Hero: posts the ante 50
132cd81b: posts the ante 50
a108da62: posts the ante 50
f5c402e4: posts the ante 50
89a15dcf: posts the ante 50
8996a876: posts the ante 50
90ec15c: posts the ante 50
a72df150: posts small blind 200
8996a876: posts big blind 400
*** HOLE CARDS ***
Dealt to a72df150 
Dealt to 8996a876 
Dealt to 89a15dcf 
Dealt to f5c402e4 
Dealt to 132cd81b 
Dealt to Hero [5d 9s]
Dealt to 90ec15c 
Dealt to a108da62 
89a15dcf: folds
f5c402e4: folds
132cd81b: folds
Hero: folds
90ec15c: folds
a108da62: raises 480 to 880
a72df150: folds
8996a876: folds
Uncalled bet (480) returned to a108da62
*** SHOWDOWN ***
a108da62 collected 1,400 from pot
*** SUMMARY ***
Total pot 1,400 | Rake 0 | Jackpot 0 | Bingo 0 | Fortune 0 | Tax 0
Seat 1: a72df150 (small blind) folded before Flop
Seat 2: 8996a876 (big blind) folded before Flop
Seat 3: 89a15dcf folded before Flop
Seat 4: f5c402e4 folded before Flop
Seat 5: 132cd81b folded before Flop
Seat 6: Hero folded before Flop
Seat 7: 90ec15c folded before Flop
Seat 8: a108da62 (button) collected (1,400)


Poker Hand #TM5336773622: Tournament #248716921, Fifty Stack $5.50 Hold'em No Limit - Level4(200/400) - 2025/12/16 18:33:11
Table '37' 8-max Seat #7 is the button
Seat 1: a72df150 (28,907 in chips)
Seat 2: 8996a876 (71,399 in chips)
Seat 3: 89a15dcf (43,329 in chips)
Seat 4: f5c402e4 (57,076 in chips)
Seat 5: 132cd81b (42,622 in chips)
Seat 6: Hero (59,120 in chips)
Seat 7: 90ec15c (49,221 in chips)
Seat 8: a108da62 (52,925 in chips)
a72df150: posts the ante 50
Hero: posts the ante 50
132cd81b: posts the ante 50
f5c402e4: posts the ante 50
a108da62: posts the ante 50
89a15dcf: posts the ante 50
8996a876: posts the ante 50
90ec15c: posts the ante 50
a108da62: posts small blind 200
a72df150: posts big blind 400
*** HOLE CARDS ***
Dealt to a72df150 
Dealt to 8996a876 
Dealt to 89a15dcf 
Dealt to f5c402e4 
Dealt to 132cd81b 
Dealt to Hero [5s Qc]
Dealt to 90ec15c 
Dealt to a108da62 
8996a876: folds
89a15dcf: folds
f5c402e4: folds
132cd81b: folds
Hero: folds
90ec15c: raises 400 to 800
a108da62: raises 3,200 to 4,000
a72df150: folds
90ec15c: calls 3,200
*** FLOP *** [3h Ah 9s]
a108da62: bets 2,000
90ec15c: calls 2,000
*** TURN *** [3h Ah 9s] [Jd]
a108da62: bets 10,400
90ec15c: folds
Uncalled bet (10,400) returned to a108da62
*** SHOWDOWN ***
a108da62 collected 12,800 from pot
*** SUMMARY ***
Total pot 12,800 | Rake 0 | Jackpot 0 | Bingo 0 | Fortune 0 | Tax 0
Board [3h Ah 9s Jd]
Seat 1: a72df150 (big blind) folded before Flop
Seat 2: 8996a876 folded before Flop
Seat 3: 89a15dcf folded before Flop
Seat 4: f5c402e4 folded before Flop
Seat 5: 132cd81b folded before Flop
Seat 6: Hero folded before Flop
Seat 7: 90ec15c (button) folded on the Turn
Seat 8: a108da62 (small blind) won (12,800)


Poker Hand #TM5336773603: Tournament #248716921, Fifty Stack $5.50 Hold'em No Limit - Level4(200/400) - 2025/12/16 18:31:46
Table '37' 8-max Seat #6 is the button
Seat 1: a72df150 (31,957 in chips)
Seat 2: 8996a876 (71,449 in chips)
Seat 3: 89a15dcf (43,379 in chips)
Seat 4: f5c402e4 (50,326 in chips)
Seat 5: 132cd81b (42,672 in chips)
Seat 6: Hero (59,170 in chips)
Seat 7: 90ec15c (52,271 in chips)
Seat 8: a108da62 (53,375 in chips)
a72df150: posts the ante 50
Hero: posts the ante 50
132cd81b: posts the ante 50
f5c402e4: posts the ante 50
a108da62: posts the ante 50
89a15dcf: posts the ante 50
8996a876: posts the ante 50
90ec15c: posts the ante 50
90ec15c: posts small blind 200
a108da62: posts big blind 400
*** HOLE CARDS ***
Dealt to a72df150 
Dealt to 8996a876 
Dealt to 89a15dcf 
Dealt to f5c402e4 
Dealt to 132cd81b 
Dealt to Hero [7d As]
Dealt to 90ec15c 
Dealt to a108da62 
a72df150: raises 400 to 800
8996a876: folds
89a15dcf: folds
f5c402e4: calls 800
132cd81b: folds
Hero: folds
90ec15c: raises 2,200 to 3,000
a108da62: folds
a72df150: calls 2,200
f5c402e4: calls 2,200
*** FLOP *** [9s Qh 3s]
90ec15c: checks
a72df150: checks
f5c402e4: bets 3,400
90ec15c: folds
a72df150: folds
Uncalled bet (3,400) returned to f5c402e4
*** SHOWDOWN ***
f5c402e4 collected 9,800 from pot
*** SUMMARY ***
Total pot 9,800 | Rake 0 | Jackpot 0 | Bingo 0 | Fortune 0 | Tax 0
Board [9s Qh 3s]
Seat 1: a72df150 folded on the Flop
Seat 2: 8996a876 folded before Flop
Seat 3: 89a15dcf folded before Flop
Seat 4: f5c402e4 won (9,800)
Seat 5: 132cd81b folded before Flop
Seat 6: Hero (button) folded before Flop
Seat 7: 90ec15c (small blind) folded on the Flop
Seat 8: a108da62 (big blind) folded before Flop


Poker Hand #TM5336773594: Tournament #248716921, Fifty Stack $5.50 Hold'em No Limit - Level4(200/400) - 2025/12/16 18:31:11
Table '37' 8-max Seat #5 is the button
Seat 1: a72df150 (32,407 in chips)
Seat 2: 8996a876 (71,499 in chips)
Seat 3: 89a15dcf (43,429 in chips)
Seat 4: f5c402e4 (50,376 in chips)
Seat 5: 132cd81b (41,322 in chips)
Seat 6: Hero (59,420 in chips)
Seat 7: 90ec15c (52,721 in chips)
Seat 8: a108da62 (53,425 in chips)
a72df150: posts the ante 50
132cd81b: posts the ante 50
Hero: posts the ante 50
f5c402e4: posts the ante 50
a108da62: posts the ante 50
89a15dcf: posts the ante 50
8996a876: posts the ante 50
90ec15c: posts the ante 50
Hero: posts small blind 200
90ec15c: posts big blind 400
*** HOLE CARDS ***
Dealt to a72df150 
Dealt to 8996a876 
Dealt to 89a15dcf 
Dealt to f5c402e4 
Dealt to 132cd81b 
Dealt to Hero [6s 9d]
Dealt to 90ec15c 
Dealt to a108da62 
a108da62: folds
a72df150: calls 400
8996a876: folds
89a15dcf: folds
f5c402e4: folds
132cd81b: raises 2,600 to 3,000
Hero: folds
90ec15c: folds
a72df150: folds
Uncalled bet (2,600) returned to 132cd81b
*** SHOWDOWN ***
132cd81b collected 1,800 from pot
*** SUMMARY ***
Total pot 1,800 | Rake 0 | Jackpot 0 | Bingo 0 | Fortune 0 | Tax 0
Seat 1: a72df150 folded before Flop
Seat 2: 8996a876 folded before Flop
Seat 3: 89a15dcf folded before Flop
Seat 4: f5c402e4 folded before Flop
Seat 5: 132cd81b (button) collected (1,800)
Seat 6: Hero (small blind) folded before Flop
Seat 7: 90ec15c (big blind) folded before Flop
Seat 8: a108da62 folded before Flop


Poker Hand #TM5336773570: Tournament #248716921, Fifty Stack $5.50 Hold'em No Limit - Level3(150/300) - 2025/12/16 18:28:56
Table '37' 8-max Seat #4 is the button
Seat 1: a72df150 (42,787 in chips)
Seat 2: 8996a876 (59,109 in chips)
Seat 3: 89a15dcf (43,464 in chips)
Seat 4: f5c402e4 (50,411 in chips)
Seat 5: 132cd81b (41,507 in chips)
Seat 6: Hero (59,755 in chips)
Seat 7: 90ec15c (54,106 in chips)
Seat 8: a108da62 (53,460 in chips)
a72df150: posts the ante 35
Hero: posts the ante 35
132cd81b: posts the ante 35
f5c402e4: posts the ante 35
a108da62: posts the ante 35
89a15dcf: posts the ante 35
8996a876: posts the ante 35
90ec15c: posts the ante 35
132cd81b: posts small blind 150
Hero: posts big blind 300
*** HOLE CARDS ***
Dealt to a72df150 
Dealt to 8996a876 
Dealt to 89a15dcf 
Dealt to f5c402e4 
Dealt to 132cd81b 
Dealt to Hero [Ad 5h]
Dealt to 90ec15c 
Dealt to a108da62 
90ec15c: calls 300
a108da62: folds
a72df150: calls 300
8996a876: raises 1,050 to 1,350
89a15dcf: folds
f5c402e4: folds
132cd81b: folds
Hero: folds
90ec15c: calls 1,050
a72df150: calls 1,050
*** FLOP *** [Qs Jh 5d]
90ec15c: checks
a72df150: bets 300
8996a876: raises 1,495 to 1,795
90ec15c: folds
a72df150: calls 1,495
*** TURN *** [Qs Jh 5d] [Jc]
a72df150: checks
8996a876: checks
*** RIVER *** [Qs Jh 5d Jc] [2c]
a72df150: bets 2,763
8996a876: raises 4,437 to 7,200
a72df150: calls 4,437
8996a876: shows [As Ac] (two pair, Aces and Jacks)
a72df150: shows [Th Qd] (two pair, Queens and Jacks)
*** SHOWDOWN ***
8996a876 collected 22,770 from pot
*** SUMMARY ***
Total pot 22,770 | Rake 0 | Jackpot 0 | Bingo 0 | Fortune 0 | Tax 0
Board [Qs Jh 5d Jc 2c]
Seat 1: a72df150 showed [Th Qd] and lost with two pair, Queens and Jacks
Seat 2: 8996a876 showed [As Ac] and won (22,770) with two pair, Aces and Jacks
Seat 3: 89a15dcf folded before Flop
Seat 4: f5c402e4 (button) folded before Flop
Seat 5: 132cd81b (small blind) folded before Flop
Seat 6: Hero (big blind) folded before Flop
Seat 7: 90ec15c folded on the Flop
Seat 8: a108da62 folded before Flop


Poker Hand #TM5336773552: Tournament #248716921, Fifty Stack $5.50 Hold'em No Limit - Level3(150/300) - 2025/12/16 18:27:18
Table '37' 8-max Seat #3 is the button
Seat 1: a72df150 (47,870 in chips)
Seat 2: 8996a876 (59,144 in chips)
Seat 3: 89a15dcf (43,499 in chips)
Seat 4: f5c402e4 (50,596 in chips)
Seat 5: 132cd81b (43,475 in chips)
Seat 6: Hero (59,790 in chips)
Seat 7: 90ec15c (46,730 in chips)
Seat 8: a108da62 (53,495 in chips)
a72df150: posts the ante 35
Hero: posts the ante 35
132cd81b: posts the ante 35
a108da62: posts the ante 35
f5c402e4: posts the ante 35
89a15dcf: posts the ante 35
8996a876: posts the ante 35
90ec15c: posts the ante 35
f5c402e4: posts small blind 150
132cd81b: posts big blind 300
*** HOLE CARDS ***
Dealt to a72df150 
Dealt to 8996a876 
Dealt to 89a15dcf 
Dealt to f5c402e4 
Dealt to 132cd81b 
Dealt to Hero [3s 4d]
Dealt to 90ec15c 
Dealt to a108da62 
Hero: folds
90ec15c: raises 600 to 900
a108da62: folds
a72df150: calls 900
8996a876: folds
89a15dcf: folds
f5c402e4: folds
132cd81b: calls 600
*** FLOP *** [Jc Qc 2h]
132cd81b: checks
90ec15c: bets 1,033
a72df150: calls 1,033
132cd81b: calls 1,033
*** TURN *** [Jc Qc 2h] [7h]
132cd81b: checks
90ec15c: bets 3,115
a72df150: calls 3,115
132cd81b: folds
*** RIVER *** [Jc Qc 2h 7h] [Qs]
90ec15c: bets 12,459
a72df150: folds
Uncalled bet (12,459) returned to 90ec15c
*** SHOWDOWN ***
90ec15c collected 12,459 from pot
*** SUMMARY ***
Total pot 12,459 | Rake 0 | Jackpot 0 | Bingo 0 | Fortune 0 | Tax 0
Board [Jc Qc 2h 7h Qs]
Seat 1: a72df150 folded on the River
Seat 2: 8996a876 folded before Flop
Seat 3: 89a15dcf (button) folded before Flop
Seat 4: f5c402e4 (small blind) folded before Flop
Seat 5: 132cd81b (big blind) folded on the Turn
Seat 6: Hero folded before Flop
Seat 7: 90ec15c won (12,459)
Seat 8: a108da62 folded before Flop


Poker Hand #TM5336773539: Tournament #248716921, Fifty Stack $5.50 Hold'em No Limit - Level3(150/300) - 2025/12/16 18:26:11
Table '37' 8-max Seat #2 is the button
Seat 1: a72df150 (47,905 in chips)
Seat 2: 8996a876 (59,179 in chips)
Seat 3: 89a15dcf (45,370 in chips)
Seat 4: f5c402e4 (48,515 in chips)
Seat 5: 132cd81b (43,510 in chips)
Seat 6: Hero (59,825 in chips)
Seat 7: 90ec15c (46,765 in chips)
Seat 8: a108da62 (53,530 in chips)
a72df150: posts the ante 35
Hero: posts the ante 35
132cd81b: posts the ante 35
a108da62: posts the ante 35
f5c402e4: posts the ante 35
89a15dcf: posts the ante 35
8996a876: posts the ante 35
90ec15c: posts the ante 35
89a15dcf: posts small blind 150
f5c402e4: posts big blind 300
*** HOLE CARDS ***
Dealt to a72df150 
Dealt to 8996a876 
Dealt to 89a15dcf 
Dealt to f5c402e4 
Dealt to 132cd81b 
Dealt to Hero [7d 5s]
Dealt to 90ec15c 
Dealt to a108da62 
132cd81b: folds
Hero: folds
90ec15c: folds
a108da62: folds
a72df150: folds
8996a876: folds
89a15dcf: raises 750 to 1,050
f5c402e4: calls 750
*** FLOP *** [Qc Tc 2d]
89a15dcf: bets 786
f5c402e4: calls 786
*** TURN *** [Qc Tc 2d] [3c]
89a15dcf: checks
f5c402e4: checks
*** RIVER *** [Qc Tc 2d 3c] [5c]
89a15dcf: checks
f5c402e4: checks
89a15dcf: shows [Ah 7s] (Ace high)
f5c402e4: shows [9c 8s] (a flush Queen high)
*** SHOWDOWN ***
f5c402e4 collected 3,952 from pot
*** SUMMARY ***
Total pot 3,952 | Rake 0 | Jackpot 0 | Bingo 0 | Fortune 0 | Tax 0
Board [Qc Tc 2d 3c 5c]
Seat 1: a72df150 folded before Flop
Seat 2: 8996a876 (button) folded before Flop
Seat 3: 89a15dcf (small blind) showed [Ah 7s] and lost with Ace high
Seat 4: f5c402e4 (big blind) showed [9c 8s] and won (3,952) with a flush Queen high
Seat 5: 132cd81b folded before Flop
Seat 6: Hero folded before Flop
Seat 7: 90ec15c folded before Flop
Seat 8: a108da62 folded before Flop


Poker Hand #TM5336773523: Tournament #248716921, Fifty Stack $5.50 Hold'em No Limit - Level3(150/300) - 2025/12/16 18:25:08
Table '37' 8-max Seat #1 is the button
Seat 1: a72df150 (47,940 in chips)
Seat 2: 8996a876 (59,364 in chips)
Seat 3: 89a15dcf (46,005 in chips)
Seat 4: f5c402e4 (48,550 in chips)
Seat 5: 132cd81b (43,545 in chips)
Seat 6: Hero (58,830 in chips)
Seat 7: 90ec15c (46,800 in chips)
Seat 8: a108da62 (53,565 in chips)
a72df150: posts the ante 35
Hero: posts the ante 35
132cd81b: posts the ante 35
a108da62: posts the ante 35
f5c402e4: posts the ante 35
89a15dcf: posts the ante 35
8996a876: posts the ante 35
90ec15c: posts the ante 35
8996a876: posts small blind 150
89a15dcf: posts big blind 300
*** HOLE CARDS ***
Dealt to a72df150 
Dealt to 8996a876 
Dealt to 89a15dcf 
Dealt to f5c402e4 
Dealt to 132cd81b 
Dealt to Hero [Qd Ad]
Dealt to 90ec15c 
Dealt to a108da62 
f5c402e4: folds
132cd81b: folds
Hero: raises 300 to 600
90ec15c: folds
a108da62: folds
a72df150: folds
8996a876: folds
89a15dcf: calls 300
*** FLOP *** [4h Td 8d]
89a15dcf: checks
Hero: bets 600
89a15dcf: folds
Uncalled bet (600) returned to Hero
*** SHOWDOWN ***
Hero collected 1,630 from pot
*** SUMMARY ***
Total pot 1,630 | Rake 0 | Jackpot 0 | Bingo 0 | Fortune 0 | Tax 0
Board [4h Td 8d]
Seat 1: a72df150 (button) folded before Flop
Seat 2: 8996a876 (small blind) folded before Flop
Seat 3: 89a15dcf (big blind) folded on the Flop
Seat 4: f5c402e4 folded before Flop
Seat 5: 132cd81b folded before Flop
Seat 6: Hero won (1,630)
Seat 7: 90ec15c folded before Flop
Seat 8: a108da62 folded before Flop


Poker Hand #TM5336773505: Tournament #248716921, Fifty Stack $5.50 Hold'em No Limit - Level3(150/300) - 2025/12/16 18:24:02
Table '37' 8-max Seat #8 is the button
Seat 1: a72df150 (48,125 in chips)
Seat 2: 8996a876 (59,699 in chips)
Seat 3: 89a15dcf (47,840 in chips)
Seat 4: f5c402e4 (48,585 in chips)
Seat 5: 132cd81b (43,580 in chips)
Seat 6: Hero (54,535 in chips)
Seat 7: 90ec15c (48,635 in chips)
Seat 8: a108da62 (53,600 in chips)
a72df150: posts the ante 35
Hero: posts the ante 35
132cd81b: posts the ante 35
a108da62: posts the ante 35
f5c402e4: posts the ante 35
89a15dcf: posts the ante 35
8996a876: posts the ante 35
90ec15c: posts the ante 35
a72df150: posts small blind 150
8996a876: posts big blind 300
*** HOLE CARDS ***
Dealt to a72df150 
Dealt to 8996a876 
Dealt to 89a15dcf 
Dealt to f5c402e4 
Dealt to 132cd81b 
Dealt to Hero [Th Tc]
Dealt to 90ec15c 
Dealt to a108da62 
89a15dcf: raises 450 to 750
f5c402e4: folds
132cd81b: folds
Hero: raises 1,050 to 1,800
90ec15c: calls 1,800
a108da62: folds
a72df150: folds
8996a876: folds
89a15dcf: calls 1,050
*** FLOP *** [7s 2s 4s]
89a15dcf: checks
Hero: bets 2,130
90ec15c: folds
89a15dcf: folds
Uncalled bet (2,130) returned to Hero
*** SHOWDOWN ***
Hero collected 6,130 from pot
*** SUMMARY ***
Total pot 6,130 | Rake 0 | Jackpot 0 | Bingo 0 | Fortune 0 | Tax 0
Board [7s 2s 4s]
Seat 1: a72df150 (small blind) folded before Flop
Seat 2: 8996a876 (big blind) folded before Flop
Seat 3: 89a15dcf folded on the Flop
Seat 4: f5c402e4 folded before Flop
Seat 5: 132cd81b folded before Flop
Seat 6: Hero won (6,130)
Seat 7: 90ec15c folded on the Flop
Seat 8: a108da62 (button) folded before Flop


Poker Hand #TM5336773486: Tournament #248716921, Fifty Stack $5.50 Hold'em No Limit - Level3(150/300) - 2025/12/16 18:22:47
Table '37' 8-max Seat #7 is the button
Seat 1: a72df150 (51,160 in chips)
Seat 2: 8996a876 (59,734 in chips)
Seat 3: 89a15dcf (47,875 in chips)
Seat 4: f5c402e4 (39,190 in chips)
Seat 5: 132cd81b (49,615 in chips)
Seat 6: Hero (54,570 in chips)
Seat 7: 90ec15c (48,670 in chips)
Seat 8: a108da62 (53,785 in chips)
a72df150: posts the ante 35
Hero: posts the ante 35
132cd81b: posts the ante 35
f5c402e4: posts the ante 35
a108da62: posts the ante 35
89a15dcf: posts the ante 35
8996a876: posts the ante 35
90ec15c: posts the ante 35
a108da62: posts small blind 150
a72df150: posts big blind 300
*** HOLE CARDS ***
Dealt to a72df150 
Dealt to 8996a876 
Dealt to 89a15dcf 
Dealt to f5c402e4 
Dealt to 132cd81b 
Dealt to Hero [9d 3h]
Dealt to 90ec15c 
Dealt to a108da62 
8996a876: folds
89a15dcf: folds
f5c402e4: raises 300 to 600
132cd81b: raises 1,800 to 2,400
Hero: folds
90ec15c: folds
a108da62: folds
a72df150: calls 2,100
f5c402e4: calls 1,800
*** FLOP *** [2c 5d Jc]
a72df150: bets 600
f5c402e4: calls 600
132cd81b: raises 3,000 to 3,600
a72df150: folds
f5c402e4: calls 3,000
*** TURN *** [2c 5d Jc] [5c]
f5c402e4: bets 5,100
132cd81b: folds
Uncalled bet (5,100) returned to f5c402e4
*** SHOWDOWN ***
f5c402e4 collected 15,430 from pot
*** SUMMARY ***
Total pot 15,430 | Rake 0 | Jackpot 0 | Bingo 0 | Fortune 0 | Tax 0
Board [2c 5d Jc 5c]
Seat 1: a72df150 (big blind) folded on the Flop
Seat 2: 8996a876 folded before Flop
Seat 3: 89a15dcf folded before Flop
Seat 4: f5c402e4 won (15,430)
Seat 5: 132cd81b folded on the Turn
Seat 6: Hero folded before Flop
Seat 7: 90ec15c (button) folded before Flop
Seat 8: a108da62 (small blind) folded before Flop


Poker Hand #TM5336773471: Tournament #248716921, Fifty Stack $5.50 Hold'em No Limit - Level3(150/300) - 2025/12/16 18:21:39
Table '37' 8-max Seat #6 is the button
Seat 1: a72df150 (52,245 in chips)
Seat 2: 8996a876 (56,189 in chips)
Seat 3: 89a15dcf (47,910 in chips)
Seat 4: f5c402e4 (40,275 in chips)
Seat 5: 132cd81b (49,650 in chips)
Seat 6: Hero (54,605 in chips)
Seat 7: 90ec15c (48,855 in chips)
Seat 8: a108da62 (54,870 in chips)
a72df150: posts the ante 35
Hero: posts the ante 35
132cd81b: posts the ante 35
f5c402e4: posts the ante 35
a108da62: posts the ante 35
89a15dcf: posts the ante 35
8996a876: posts the ante 35
90ec15c: posts the ante 35
90ec15c: posts small blind 150
a108da62: posts big blind 300
*** HOLE CARDS ***
Dealt to a72df150 
Dealt to 8996a876 
Dealt to 89a15dcf 
Dealt to f5c402e4 
Dealt to 132cd81b 
Dealt to Hero [2c 8d]
Dealt to 90ec15c 
Dealt to a108da62 
a72df150: calls 300
8996a876: raises 750 to 1,050
89a15dcf: folds
f5c402e4: calls 1,050
132cd81b: folds
Hero: folds
90ec15c: folds
a108da62: calls 750
a72df150: calls 750
*** FLOP *** [Tc Kd 6h]
a108da62: checks
a72df150: checks
8996a876: bets 1,528
f5c402e4: folds
a108da62: folds
a72df150: folds
Uncalled bet (1,528) returned to 8996a876
*** SHOWDOWN ***
8996a876 collected 4,630 from pot
*** SUMMARY ***
Total pot 4,630 | Rake 0 | Jackpot 0 | Bingo 0 | Fortune 0 | Tax 0
Board [Tc Kd 6h]
Seat 1: a72df150 folded on the Flop
Seat 2: 8996a876 won (4,630)
Seat 3: 89a15dcf folded before Flop
Seat 4: f5c402e4 folded on the Flop
Seat 5: 132cd81b folded before Flop
Seat 6: Hero (button) folded before Flop
Seat 7: 90ec15c (small blind) folded before Flop
Seat 8: a108da62 (big blind) folded on the Flop


Poker Hand #TM5336773461: Tournament #248716921, Fifty Stack $5.50 Hold'em No Limit - Level2(125/250) - 2025/12/16 18:20:55
Table '37' 8-max Seat #5 is the button
Seat 1: a72df150 (52,275 in chips)
Seat 2: 8996a876 (56,744 in chips)
Seat 3: 89a15dcf (47,940 in chips)
Seat 4: f5c402e4 (44,580 in chips)
Seat 5: 132cd81b (49,680 in chips)
Seat 6: Hero (49,345 in chips)
Seat 7: 90ec15c (49,135 in chips)
Seat 8: a108da62 (54,900 in chips)
a72df150: posts the ante 30
132cd81b: posts the ante 30
Hero: posts the ante 30
f5c402e4: posts the ante 30
a108da62: posts the ante 30
89a15dcf: posts the ante 30
8996a876: posts the ante 30
90ec15c: posts the ante 30
Hero: posts small blind 125
90ec15c: posts big blind 250
*** HOLE CARDS ***
Dealt to a72df150 
Dealt to 8996a876 
Dealt to 89a15dcf 
Dealt to f5c402e4 
Dealt to 132cd81b 
Dealt to Hero [Qh Qc]
Dealt to 90ec15c 
Dealt to a108da62 
a108da62: folds
a72df150: folds
8996a876: raises 275 to 525
89a15dcf: folds
f5c402e4: calls 525
132cd81b: folds
Hero: raises 3,750 to 4,275
90ec15c: folds
8996a876: folds
f5c402e4: calls 3,750
*** FLOP *** [4s 5h 8d]
Hero: bets 2,925
f5c402e4: folds
Uncalled bet (2,925) returned to Hero
*** SHOWDOWN ***
Hero collected 9,565 from pot
*** SUMMARY ***
Total pot 9,565 | Rake 0 | Jackpot 0 | Bingo 0 | Fortune 0 | Tax 0
Board [4s 5h 8d]
Seat 1: a72df150 folded before Flop
Seat 2: 8996a876 folded before Flop
Seat 3: 89a15dcf folded before Flop
Seat 4: f5c402e4 folded on the Flop
Seat 5: 132cd81b (button) folded before Flop
Seat 6: Hero (small blind) won (9,565)
Seat 7: 90ec15c (big blind) folded before Flop
Seat 8: a108da62 folded before Flop


Poker Hand #TM5336773441: Tournament #248716921, Fifty Stack $5.50 Hold'em No Limit - Level2(125/250) - 2025/12/16 18:19:50
Table '37' 8-max Seat #4 is the button
Seat 1: a72df150 (52,555 in chips)
Seat 2: 8996a876 (56,774 in chips)
Seat 3: 89a15dcf (47,970 in chips)
Seat 4: f5c402e4 (44,860 in chips)
Seat 5: 132cd81b (51,335 in chips)
Seat 6: Hero (49,625 in chips)
Seat 7: 90ec15c (46,550 in chips)
Seat 8: a108da62 (54,930 in chips)
a72df150: posts the ante 30
Hero: posts the ante 30
132cd81b: posts the ante 30
f5c402e4: posts the ante 30
a108da62: posts the ante 30
89a15dcf: posts the ante 30
8996a876: posts the ante 30
90ec15c: posts the ante 30
132cd81b: posts small blind 125
Hero: posts big blind 250
*** HOLE CARDS ***
Dealt to a72df150 
Dealt to 8996a876 
Dealt to 89a15dcf 
Dealt to f5c402e4 
Dealt to 132cd81b 
Dealt to Hero [6s Jc]
Dealt to 90ec15c 
Dealt to a108da62 
90ec15c: calls 250
a108da62: folds
a72df150: calls 250
8996a876: folds
89a15dcf: folds
f5c402e4: calls 250
132cd81b: raises 1,375 to 1,625
Hero: folds
90ec15c: raises 2,875 to 4,500
a72df150: folds
f5c402e4: folds
132cd81b: folds
Uncalled bet (2,875) returned to 90ec15c
*** SHOWDOWN ***
90ec15c collected 4,240 from pot
*** SUMMARY ***
Total pot 4,240 | Rake 0 | Jackpot 0 | Bingo 0 | Fortune 0 | Tax 0
Seat 1: a72df150 folded before Flop
Seat 2: 8996a876 folded before Flop
Seat 3: 89a15dcf folded before Flop
Seat 4: f5c402e4 (button) folded before Flop
Seat 5: 132cd81b (small blind) folded before Flop
Seat 6: Hero (big blind) folded before Flop
Seat 7: 90ec15c collected (4,240)
Seat 8: a108da62 folded before Flop


Poker Hand #TM5336773421: Tournament #248716921, Fifty Stack $5.50 Hold'em No Limit - Level2(125/250) - 2025/12/16 18:18:26
Table '37' 8-max Seat #3 is the button
Seat 1: a72df150 (52,585 in chips)
Seat 2: 8996a876 (56,804 in chips)
Seat 3: 89a15dcf (48,000 in chips)
Seat 4: f5c402e4 (42,900 in chips)
Seat 5: 132cd81b (51,615 in chips)
Seat 6: Hero (49,655 in chips)
Seat 7: 90ec15c (48,080 in chips)
Seat 8: a108da62 (54,960 in chips)
a72df150: posts the ante 30
Hero: posts the ante 30
132cd81b: posts the ante 30
a108da62: posts the ante 30
f5c402e4: posts the ante 30
89a15dcf: posts the ante 30
8996a876: posts the ante 30
90ec15c: posts the ante 30
f5c402e4: posts small blind 125
132cd81b: posts big blind 250
*** HOLE CARDS ***
Dealt to a72df150 
Dealt to 8996a876 
Dealt to 89a15dcf 
Dealt to f5c402e4 
Dealt to 132cd81b 
Dealt to Hero [6d Qc]
Dealt to 90ec15c 
Dealt to a108da62 
Hero: folds
90ec15c: raises 500 to 750
a108da62: folds
a72df150: folds
8996a876: folds
89a15dcf: folds
f5c402e4: calls 625
132cd81b: folds
*** FLOP *** [Ac 8h 5c]
f5c402e4: bets 500
90ec15c: calls 500
*** TURN *** [Ac 8h 5c] [Ks]
f5c402e4: bets 250
90ec15c: calls 250
*** RIVER *** [Ac 8h 5c Ks] [7h]
f5c402e4: checks
90ec15c: checks
f5c402e4: shows [3s Ah] (a pair of Aces)
90ec15c: shows [9c 9h] (a pair of Nines)
*** SHOWDOWN ***
f5c402e4 collected 3,490 from pot
*** SUMMARY ***
Total pot 3,490 | Rake 0 | Jackpot 0 | Bingo 0 | Fortune 0 | Tax 0
Board [Ac 8h 5c Ks 7h]
Seat 1: a72df150 folded before Flop
Seat 2: 8996a876 folded before Flop
Seat 3: 89a15dcf (button) folded before Flop
Seat 4: f5c402e4 (small blind) showed [3s Ah] and won (3,490) with a pair of Aces
Seat 5: 132cd81b (big blind) folded before Flop
Seat 6: Hero folded before Flop
Seat 7: 90ec15c showed [9c 9h] and lost with a pair of Nines
Seat 8: a108da62 folded before Flop


Poker Hand #TM5336773396: Tournament #248716921, Fifty Stack $5.50 Hold'em No Limit - Level2(125/250) - 2025/12/16 18:17:06
Table '37' 8-max Seat #2 is the button
Seat 1: a72df150 (50,000 in chips)
Seat 2: 8996a876 (56,834 in chips)
Seat 3: 89a15dcf (48,155 in chips)
Seat 4: f5c402e4 (45,180 in chips)
Seat 5: 132cd81b (51,645 in chips)
Seat 6: Hero (49,685 in chips)
Seat 7: 90ec15c (48,110 in chips)
Seat 8: a108da62 (54,990 in chips)
a72df150: posts the ante 30
Hero: posts the ante 30
132cd81b: posts the ante 30
a108da62: posts the ante 30
f5c402e4: posts the ante 30
89a15dcf: posts the ante 30
8996a876: posts the ante 30
90ec15c: posts the ante 30
89a15dcf: posts small blind 125
f5c402e4: posts big blind 250
*** HOLE CARDS ***
Dealt to a72df150 
Dealt to 8996a876 
Dealt to 89a15dcf 
Dealt to f5c402e4 
Dealt to 132cd81b 
Dealt to Hero [4d 9s]
Dealt to 90ec15c 
Dealt to a108da62 
132cd81b: folds
Hero: folds
90ec15c: folds
a108da62: folds
a72df150: calls 250
8996a876: folds
89a15dcf: folds
f5c402e4: raises 375 to 625
a72df150: calls 375
*** FLOP *** [7c 5h Td]
f5c402e4: bets 625
a72df150: calls 625
*** TURN *** [7c 5h Td] [9d]
f5c402e4: bets 1,000
a72df150: calls 1,000
*** RIVER *** [7c 5h Td 9d] [Js]
f5c402e4: checks
a72df150: checks
f5c402e4: shows [Th As] (a pair of Tens)
a72df150: shows [Qd Jc] (a pair of Jacks)
*** SHOWDOWN ***
a72df150 collected 4,865 from pot
*** SUMMARY ***
Total pot 4,865 | Rake 0 | Jackpot 0 | Bingo 0 | Fortune 0 | Tax 0
Board [7c 5h Td 9d Js]
Seat 1: a72df150 showed [Qd Jc] and won (4,865) with a pair of Jacks
Seat 2: 8996a876 (button) folded before Flop
Seat 3: 89a15dcf (small blind) folded before Flop
Seat 4: f5c402e4 (big blind) showed [Th As] and lost with a pair of Tens
Seat 5: 132cd81b folded before Flop
Seat 6: Hero folded before Flop
Seat 7: 90ec15c folded before Flop
Seat 8: a108da62 folded before Flop


Poker Hand #TM5336773375: Tournament #248716921, Fifty Stack $5.50 Hold'em No Limit - Level2(125/250) - 2025/12/16 18:16:02
Table '37' 8-max Seat #8 is the button
Seat 2: 8996a876 (56,989 in chips)
Seat 3: 89a15dcf (48,810 in chips)
Seat 4: f5c402e4 (45,210 in chips)
Seat 5: 132cd81b (50,090 in chips)
Seat 6: Hero (49,715 in chips)
Seat 7: 90ec15c (48,765 in chips)
Seat 8: a108da62 (55,020 in chips)
Hero: posts the ante 30
132cd81b: posts the ante 30
a108da62: posts the ante 30
f5c402e4: posts the ante 30
89a15dcf: posts the ante 30
8996a876: posts the ante 30
90ec15c: posts the ante 30
8996a876: posts small blind 125
89a15dcf: posts big blind 250
*** HOLE CARDS ***
Dealt to 8996a876 
Dealt to 89a15dcf 
Dealt to f5c402e4 
Dealt to 132cd81b 
Dealt to Hero [Ks 4d]
Dealt to 90ec15c 
Dealt to a108da62 
f5c402e4: folds
132cd81b: raises 375 to 625
Hero: folds
90ec15c: calls 625
a108da62: folds
8996a876: folds
89a15dcf: calls 375
*** FLOP *** [2h 9d 5c]
89a15dcf: checks
132cd81b: checks
90ec15c: checks
*** TURN *** [2h 9d 5c] [4s]
89a15dcf: checks
132cd81b: bets 730
90ec15c: folds
89a15dcf: folds
Uncalled bet (730) returned to 132cd81b
*** SHOWDOWN ***
132cd81b collected 2,210 from pot
*** SUMMARY ***
Total pot 2,210 | Rake 0 | Jackpot 0 | Bingo 0 | Fortune 0 | Tax 0
Board [2h 9d 5c 4s]
Seat 2: 8996a876 (small blind) folded before Flop
Seat 3: 89a15dcf (big blind) folded on the Turn
Seat 4: f5c402e4 folded before Flop
Seat 5: 132cd81b won (2,210)
Seat 6: Hero folded before Flop
Seat 7: 90ec15c folded on the Turn
Seat 8: a108da62 (button) folded before Flop


Poker Hand #TM5336773360: Tournament #248716921, Fifty Stack $5.50 Hold'em No Limit - Level2(125/250) - 2025/12/16 18:15:07
Table '37' 8-max Seat #7 is the button
Seat 2: 8996a876 (57,269 in chips)
Seat 3: 89a15dcf (48,840 in chips)
Seat 4: f5c402e4 (48,865 in chips)
Seat 5: 132cd81b (50,120 in chips)
Seat 6: Hero (49,745 in chips)
Seat 7: 90ec15c (48,795 in chips)
Seat 8: a108da62 (50,965 in chips)
Hero: posts the ante 30
132cd81b: posts the ante 30
f5c402e4: posts the ante 30
a108da62: posts the ante 30
89a15dcf: posts the ante 30
8996a876: posts the ante 30
90ec15c: posts the ante 30
a108da62: posts small blind 125
8996a876: posts big blind 250
*** HOLE CARDS ***
Dealt to 8996a876 
Dealt to 89a15dcf 
Dealt to f5c402e4 
Dealt to 132cd81b 
Dealt to Hero [7d 4h]
Dealt to 90ec15c 
Dealt to a108da62 
89a15dcf: folds
f5c402e4: raises 250 to 500
132cd81b: folds
Hero: folds
90ec15c: folds
a108da62: raises 1,875 to 2,375
8996a876: folds
f5c402e4: calls 1,875
*** FLOP *** [Qh Jd 2s]
a108da62: bets 1,250
f5c402e4: calls 1,250
*** TURN *** [Qh Jd 2s] [Tc]
a108da62: bets 6,000
f5c402e4: folds
Uncalled bet (6,000) returned to a108da62
*** SHOWDOWN ***
a108da62 collected 7,710 from pot
*** SUMMARY ***
Total pot 7,710 | Rake 0 | Jackpot 0 | Bingo 0 | Fortune 0 | Tax 0
Board [Qh Jd 2s Tc]
Seat 2: 8996a876 (big blind) folded before Flop
Seat 3: 89a15dcf folded before Flop
Seat 4: f5c402e4 folded on the Turn
Seat 5: 132cd81b folded before Flop
Seat 6: Hero folded before Flop
Seat 7: 90ec15c (button) folded before Flop
Seat 8: a108da62 (small blind) won (7,710)


Poker Hand #TM5336475966: Tournament #248716921, Fifty Stack $5.50 Hold'em No Limit - Level2(125/250) - 2025/12/16 18:13:54
Table '20' 8-max Seat #2 is the button
Seat 1: fe3d2daf (49,275 in chips)
Seat 2: c52b3a9c (49,775 in chips)
Seat 3: c82513ff (49,275 in chips)
Seat 4: 72bba606 (43,775 in chips)
Seat 5: Hero (49,775 in chips)
Seat 6: f2fad34c (55,050 in chips)
Seat 7: 36985f7c (65,419 in chips)
Seat 8: 2dc5d064 (37,756 in chips)
c52b3a9c: posts the ante 30
f2fad34c: posts the ante 30
72bba606: posts the ante 30
36985f7c: posts the ante 30
Hero: posts the ante 30
c82513ff: posts the ante 30
2dc5d064: posts the ante 30
fe3d2daf: posts the ante 30
c82513ff: posts small blind 125
72bba606: posts big blind 250
*** HOLE CARDS ***
Dealt to fe3d2daf 
Dealt to c52b3a9c 
Dealt to c82513ff 
Dealt to 72bba606 
Dealt to Hero [2c 7s]
Dealt to f2fad34c 
Dealt to 36985f7c 
Dealt to 2dc5d064 
Hero: folds
f2fad34c: raises 250 to 500
36985f7c: folds
2dc5d064: folds
fe3d2daf: folds
c52b3a9c: folds
c82513ff: calls 375
72bba606: calls 250
*** FLOP *** [Qd Qc 4d]
c82513ff: checks
72bba606: checks
f2fad34c: bets 870
c82513ff: calls 870
72bba606: folds
*** TURN *** [Qd Qc 4d] [6d]
c82513ff: checks
f2fad34c: checks
*** RIVER *** [Qd Qc 4d 6d] [Kc]
c82513ff: checks
f2fad34c: checks
c82513ff: shows [5s 5h] (two pair, Queens and Fives)
f2fad34c: shows [Ts Tc] (two pair, Queens and Tens)
*** SHOWDOWN ***
f2fad34c collected 3,480 from pot
*** SUMMARY ***
Total pot 3,480 | Rake 0 | Jackpot 0 | Bingo 0 | Fortune 0 | Tax 0
Board [Qd Qc 4d 6d Kc]
Seat 1: fe3d2daf folded before Flop
Seat 2: c52b3a9c (button) folded before Flop
Seat 3: c82513ff (small blind) showed [5s 5h] and lost with two pair, Queens and Fives
Seat 4: 72bba606 (big blind) folded on the Flop
Seat 5: Hero folded before Flop
Seat 6: f2fad34c showed [Ts Tc] and won (3,480) with two pair, Queens and Tens
Seat 7: 36985f7c folded before Flop
Seat 8: 2dc5d064 folded before Flop


Poker Hand #TM5336475951: Tournament #248716921, Fifty Stack $5.50 Hold'em No Limit - Level1(100/200) - 2025/12/16 18:12:48
Table '20' 8-max Seat #1 is the button
Seat 1: fe3d2daf (49,300 in chips)
Seat 2: c52b3a9c (49,900 in chips)
Seat 3: c82513ff (49,500 in chips)
Seat 4: 72bba606 (48,425 in chips)
Seat 5: Hero (49,800 in chips)
Seat 6: f2fad34c (49,950 in chips)
Seat 7: 36985f7c (65,444 in chips)
Seat 8: 2dc5d064 (37,781 in chips)
c52b3a9c: posts the ante 25
f2fad34c: posts the ante 25
72bba606: posts the ante 25
36985f7c: posts the ante 25
Hero: posts the ante 25
c82513ff: posts the ante 25
2dc5d064: posts the ante 25
fe3d2daf: posts the ante 25
c52b3a9c: posts small blind 100
c82513ff: posts big blind 200
*** HOLE CARDS ***
Dealt to fe3d2daf 
Dealt to c52b3a9c 
Dealt to c82513ff 
Dealt to 72bba606 
Dealt to Hero [8h Ad]
Dealt to f2fad34c 
Dealt to 36985f7c 
Dealt to 2dc5d064 
72bba606: raises 200 to 400
Hero: folds
f2fad34c: calls 400
36985f7c: folds
2dc5d064: folds
fe3d2daf: folds
c52b3a9c: folds
c82513ff: folds
*** FLOP *** [7s 8d Jh]
72bba606: bets 975
f2fad34c: calls 975
*** TURN *** [7s 8d Jh] [Ts]
72bba606: bets 3,250
f2fad34c: raises 7,313 to 10,563
72bba606: folds
Uncalled bet (7,313) returned to f2fad34c
*** SHOWDOWN ***
f2fad34c collected 9,750 from pot
*** SUMMARY ***
Total pot 9,750 | Rake 0 | Jackpot 0 | Bingo 0 | Fortune 0 | Tax 0
Board [7s 8d Jh Ts]
Seat 1: fe3d2daf (button) folded before Flop
Seat 2: c52b3a9c (small blind) folded before Flop
Seat 3: c82513ff (big blind) folded before Flop
Seat 4: 72bba606 folded on the Turn
Seat 5: Hero folded before Flop
Seat 6: f2fad34c won (9,750)
Seat 7: 36985f7c folded before Flop
Seat 8: 2dc5d064 folded before Flop


Poker Hand #TM5336475938: Tournament #248716921, Fifty Stack $5.50 Hold'em No Limit - Level1(100/200) - 2025/12/16 18:11:50
Table '20' 8-max Seat #8 is the button
Seat 1: fe3d2daf (49,525 in chips)
Seat 2: c52b3a9c (49,525 in chips)
Seat 3: c82513ff (49,525 in chips)
Seat 4: 72bba606 (48,450 in chips)
Seat 5: Hero (49,825 in chips)
Seat 6: f2fad34c (49,975 in chips)
Seat 7: 36985f7c (65,469 in chips)
Seat 8: 2dc5d064 (37,806 in chips)
c52b3a9c: posts the ante 25
f2fad34c: posts the ante 25
72bba606: posts the ante 25
36985f7c: posts the ante 25
Hero: posts the ante 25
c82513ff: posts the ante 25
2dc5d064: posts the ante 25
fe3d2daf: posts the ante 25
fe3d2daf: posts small blind 100
c52b3a9c: posts big blind 200
*** HOLE CARDS ***
Dealt to fe3d2daf 
Dealt to c52b3a9c 
Dealt to c82513ff 
Dealt to 72bba606 
Dealt to Hero [As 5h]
Dealt to f2fad34c 
Dealt to 36985f7c 
Dealt to 2dc5d064 
c82513ff: folds
72bba606: folds
Hero: folds
f2fad34c: folds
36985f7c: folds
2dc5d064: folds
fe3d2daf: calls 100
c52b3a9c: checks
*** FLOP *** [8s Js Qd]
fe3d2daf: checks
c52b3a9c: bets 300
fe3d2daf: folds
Uncalled bet (300) returned to c52b3a9c
*** SHOWDOWN ***
c52b3a9c collected 600 from pot
*** SUMMARY ***
Total pot 600 | Rake 0 | Jackpot 0 | Bingo 0 | Fortune 0 | Tax 0
Board [8s Js Qd]
Seat 1: fe3d2daf (small blind) folded on the Flop
Seat 2: c52b3a9c (big blind) won (600)
Seat 3: c82513ff folded before Flop
Seat 4: 72bba606 folded before Flop
Seat 5: Hero folded before Flop
Seat 6: f2fad34c folded before Flop
Seat 7: 36985f7c folded before Flop
Seat 8: 2dc5d064 (button) folded before Flop


Poker Hand #TM5336475927: Tournament #248716921, Fifty Stack $5.50 Hold'em No Limit - Level1(100/200) - 2025/12/16 18:11:03
Table '20' 8-max Seat #7 is the button
Seat 1: fe3d2daf (49,750 in chips)
Seat 2: c52b3a9c (49,550 in chips)
Seat 3: c82513ff (49,550 in chips)
Seat 4: 72bba606 (50,725 in chips)
Seat 5: Hero (49,850 in chips)
Seat 6: f2fad34c (50,000 in chips)
Seat 7: 36985f7c (66,094 in chips)
Seat 8: 2dc5d064 (34,581 in chips)
c52b3a9c: posts the ante 25
f2fad34c: posts the ante 25
72bba606: posts the ante 25
36985f7c: posts the ante 25
Hero: posts the ante 25
c82513ff: posts the ante 25
2dc5d064: posts the ante 25
fe3d2daf: posts the ante 25
2dc5d064: posts small blind 100
fe3d2daf: posts big blind 200
*** HOLE CARDS ***
Dealt to fe3d2daf 
Dealt to c52b3a9c 
Dealt to c82513ff 
Dealt to 72bba606 
Dealt to Hero [9h 7d]
Dealt to f2fad34c 
Dealt to 36985f7c 
Dealt to 2dc5d064 
c52b3a9c: folds
c82513ff: folds
72bba606: raises 400 to 600
Hero: folds
f2fad34c: folds
36985f7c: calls 600
2dc5d064: raises 1,650 to 2,250
fe3d2daf: folds
72bba606: calls 1,650
36985f7c: folds
*** FLOP *** [Js 8c 6d]
2dc5d064: bets 4,125
72bba606: folds
Uncalled bet (4,125) returned to 2dc5d064
*** SHOWDOWN ***
2dc5d064 collected 5,500 from pot
*** SUMMARY ***
Total pot 5,500 | Rake 0 | Jackpot 0 | Bingo 0 | Fortune 0 | Tax 0
Board [Js 8c 6d]
Seat 1: fe3d2daf (big blind) folded before Flop
Seat 2: c52b3a9c folded before Flop
Seat 3: c82513ff folded before Flop
Seat 4: 72bba606 folded on the Flop
Seat 5: Hero folded before Flop
Seat 6: f2fad34c folded before Flop
Seat 7: 36985f7c (button) folded before Flop
Seat 8: 2dc5d064 (small blind) won (5,500)


Poker Hand #TM5336475908: Tournament #248716921, Fifty Stack $5.50 Hold'em No Limit - Level1(100/200) - 2025/12/16 18:09:34
Table '20' 8-max Seat #5 is the button
Seat 1: fe3d2daf (49,775 in chips)
Seat 2: c52b3a9c (49,575 in chips)
Seat 3: c82513ff (49,575 in chips)
Seat 4: 72bba606 (50,750 in chips)
Seat 5: Hero (49,875 in chips)
Seat 7: 36985f7c (50,175 in chips)
Seat 8: 2dc5d064 (50,375 in chips)
c52b3a9c: posts the ante 25
72bba606: posts the ante 25
Hero: posts the ante 25
36985f7c: posts the ante 25
c82513ff: posts the ante 25
2dc5d064: posts the ante 25
fe3d2daf: posts the ante 25
36985f7c: posts small blind 100
2dc5d064: posts big blind 200
*** HOLE CARDS ***
Dealt to fe3d2daf 
Dealt to c52b3a9c 
Dealt to c82513ff 
Dealt to 72bba606 
Dealt to Hero [Jh 3h]
Dealt to 36985f7c 
Dealt to 2dc5d064 
fe3d2daf: folds
c52b3a9c: folds
c82513ff: folds
72bba606: folds
Hero: folds
36985f7c: calls 100
2dc5d064: raises 400 to 600
36985f7c: calls 400
*** FLOP *** [9s Kh 9h]
36985f7c: checks
2dc5d064: checks
*** TURN *** [9s Kh 9h] [2h]
36985f7c: bets 655
2dc5d064: calls 655
*** RIVER *** [9s Kh 9h 2h] [Kc]
36985f7c: bets 1,300
2dc5d064: raises 2,643 to 3,943
36985f7c: raises 10,571 to 14,514
2dc5d064: calls 10,571
36985f7c: shows [Ks Jc] (a full house, Kings full of Nines)
2dc5d064: shows [3d 9c] (a full house, Nines full of Kings)
*** SHOWDOWN ***
36985f7c collected 31,713 from pot
*** SUMMARY ***
Total pot 31,713 | Rake 0 | Jackpot 0 | Bingo 0 | Fortune 0 | Tax 0
Board [9s Kh 9h 2h Kc]
Seat 1: fe3d2daf folded before Flop
Seat 2: c52b3a9c folded before Flop
Seat 3: c82513ff folded before Flop
Seat 4: 72bba606 folded before Flop
Seat 5: Hero (button) folded before Flop
Seat 7: 36985f7c (small blind) showed [Ks Jc] and won (31,713) with a full house, Kings full of Nines
Seat 8: 2dc5d064 (big blind) showed [3d 9c] and lost with a full house, Nines full of Kings


Poker Hand #TM5336475894: Tournament #248716921, Fifty Stack $5.50 Hold'em No Limit - Level1(100/200) - 2025/12/16 18:08:41
Table '20' 8-max Seat #4 is the button
Seat 1: fe3d2daf (49,800 in chips)
Seat 2: c52b3a9c (49,600 in chips)
Seat 3: c82513ff (49,600 in chips)
Seat 4: 72bba606 (50,300 in chips)
Seat 5: Hero (50,000 in chips)
Seat 7: 36985f7c (50,400 in chips)
Seat 8: 2dc5d064 (50,400 in chips)
c52b3a9c: posts the ante 25
72bba606: posts the ante 25
36985f7c: posts the ante 25
Hero: posts the ante 25
c82513ff: posts the ante 25
2dc5d064: posts the ante 25
fe3d2daf: posts the ante 25
Hero: posts small blind 100
36985f7c: posts big blind 200
*** HOLE CARDS ***
Dealt to fe3d2daf 
Dealt to c52b3a9c 
Dealt to c82513ff 
Dealt to 72bba606 
Dealt to Hero [9d 7c]
Dealt to 36985f7c 
Dealt to 2dc5d064 
2dc5d064: folds
fe3d2daf: folds
c52b3a9c: folds
c82513ff: folds
72bba606: raises 200 to 400
Hero: folds
36985f7c: folds
Uncalled bet (200) returned to 72bba606
*** SHOWDOWN ***
72bba606 collected 675 from pot
*** SUMMARY ***
Total pot 675 | Rake 0 | Jackpot 0 | Bingo 0 | Fortune 0 | Tax 0
Seat 1: fe3d2daf folded before Flop
Seat 2: c52b3a9c folded before Flop
Seat 3: c82513ff folded before Flop
Seat 4: 72bba606 (button) collected (675)
Seat 5: Hero (small blind) folded before Flop
Seat 7: 36985f7c (big blind) folded before Flop
Seat 8: 2dc5d064 folded before Flop


Poker Hand #TM5336475879: Tournament #248716921, Fifty Stack $5.50 Hold'em No Limit - Level1(100/200) - 2025/12/16 18:07:34
Table '20' 8-max Seat #3 is the button
Seat 1: fe3d2daf (49,825 in chips)
Seat 2: c52b3a9c (49,625 in chips)
Seat 3: c82513ff (49,625 in chips)
Seat 4: 72bba606 (49,725 in chips)
Seat 5: Hero (50,425 in chips)
Seat 6: 235c04c0 (49,925 in chips)
Seat 7: 36985f7c (50,425 in chips)
Seat 8: 2dc5d064 (50,425 in chips)
c52b3a9c: posts the ante 25
72bba606: posts the ante 25
36985f7c: posts the ante 25
Hero: posts the ante 25
c82513ff: posts the ante 25
2dc5d064: posts the ante 25
235c04c0: posts the ante 25
fe3d2daf: posts the ante 25
72bba606: posts small blind 100
Hero: posts big blind 200
*** HOLE CARDS ***
Dealt to fe3d2daf 
Dealt to c52b3a9c 
Dealt to c82513ff 
Dealt to 72bba606 
Dealt to Hero [5h 9s]
Dealt to 235c04c0 
Dealt to 36985f7c 
Dealt to 2dc5d064 
235c04c0: folds
36985f7c: folds
2dc5d064: folds
fe3d2daf: folds
c52b3a9c: folds
c82513ff: folds
72bba606: raises 200 to 400
Hero: calls 200
*** FLOP *** [Ad 3s 7h]
72bba606: checks
Hero: checks
*** TURN *** [Ad 3s 7h] [2c]
72bba606: checks
Hero: checks
*** RIVER *** [Ad 3s 7h 2c] [7c]
72bba606: checks
Hero: checks
72bba606: shows [8s Td] (a pair of Sevens)
Hero: shows [5h 9s] (a pair of Sevens)
*** SHOWDOWN ***
72bba606 collected 1,000 from pot
*** SUMMARY ***
Total pot 1,000 | Rake 0 | Jackpot 0 | Bingo 0 | Fortune 0 | Tax 0
Board [Ad 3s 7h 2c 7c]
Seat 1: fe3d2daf folded before Flop
Seat 2: c52b3a9c folded before Flop
Seat 3: c82513ff (button) folded before Flop
Seat 4: 72bba606 (small blind) showed [8s Td] and won (1,000) with a pair of Sevens
Seat 5: Hero (big blind) showed [5h 9s] and lost with a pair of Sevens
Seat 6: 235c04c0 folded before Flop
Seat 7: 36985f7c folded before Flop
Seat 8: 2dc5d064 folded before Flop


Poker Hand #TM5336475863: Tournament #248716921, Fifty Stack $5.50 Hold'em No Limit - Level1(100/200) - 2025/12/16 18:06:28
Table '20' 8-max Seat #2 is the button
Seat 1: fe3d2daf (49,850 in chips)
Seat 2: c52b3a9c (49,650 in chips)
Seat 3: c82513ff (49,750 in chips)
Seat 4: 72bba606 (49,950 in chips)
Seat 5: Hero (49,950 in chips)
Seat 6: 235c04c0 (49,950 in chips)
Seat 7: 36985f7c (50,450 in chips)
Seat 8: 2dc5d064 (50,450 in chips)
c52b3a9c: posts the ante 25
72bba606: posts the ante 25
36985f7c: posts the ante 25
Hero: posts the ante 25
c82513ff: posts the ante 25
2dc5d064: posts the ante 25
235c04c0: posts the ante 25
fe3d2daf: posts the ante 25
c82513ff: posts small blind 100
72bba606: posts big blind 200
*** HOLE CARDS ***
Dealt to fe3d2daf 
Dealt to c52b3a9c 
Dealt to c82513ff 
Dealt to 72bba606 
Dealt to Hero [7h Ac]
Dealt to 235c04c0 
Dealt to 36985f7c 
Dealt to 2dc5d064 
Hero: calls 200
235c04c0: folds
36985f7c: folds
2dc5d064: folds
fe3d2daf: folds
c52b3a9c: folds
c82513ff: folds
72bba606: checks
*** FLOP *** [Ks Ts 4s]
72bba606: checks
Hero: checks
*** TURN *** [Ks Ts 4s] [6h]
72bba606: checks
Hero: bets 380
72bba606: folds
Uncalled bet (380) returned to Hero
*** SHOWDOWN ***
Hero collected 700 from pot
*** SUMMARY ***
Total pot 700 | Rake 0 | Jackpot 0 | Bingo 0 | Fortune 0 | Tax 0
Board [Ks Ts 4s 6h]
Seat 1: fe3d2daf folded before Flop
Seat 2: c52b3a9c (button) folded before Flop
Seat 3: c82513ff (small blind) folded before Flop
Seat 4: 72bba606 (big blind) folded on the Turn
Seat 5: Hero won (700)
Seat 6: 235c04c0 folded before Flop
Seat 7: 36985f7c folded before Flop
Seat 8: 2dc5d064 folded before Flop


Poker Hand #TM5336475847: Tournament #248716921, Fifty Stack $5.50 Hold'em No Limit - Level1(100/200) - 2025/12/16 18:05:27
Table '20' 8-max Seat #1 is the button
Seat 1: fe3d2daf (49,875 in chips)
Seat 2: c52b3a9c (49,775 in chips)
Seat 3: c82513ff (49,975 in chips)
Seat 4: 72bba606 (49,975 in chips)
Seat 5: Hero (49,975 in chips)
Seat 6: 235c04c0 (49,975 in chips)
Seat 7: 36985f7c (50,475 in chips)
Seat 8: 2dc5d064 (49,975 in chips)
c52b3a9c: posts the ante 25
72bba606: posts the ante 25
36985f7c: posts the ante 25
Hero: posts the ante 25
c82513ff: posts the ante 25
2dc5d064: posts the ante 25
235c04c0: posts the ante 25
fe3d2daf: posts the ante 25
c52b3a9c: posts small blind 100
c82513ff: posts big blind 200
*** HOLE CARDS ***
Dealt to fe3d2daf 
Dealt to c52b3a9c 
Dealt to c82513ff 
Dealt to 72bba606 
Dealt to Hero [Js 5c]
Dealt to 235c04c0 
Dealt to 36985f7c 
Dealt to 2dc5d064 
72bba606: folds
Hero: folds
235c04c0: folds
36985f7c: folds
2dc5d064: raises 400 to 600
fe3d2daf: folds
c52b3a9c: folds
c82513ff: folds
Uncalled bet (400) returned to 2dc5d064
*** SHOWDOWN ***
2dc5d064 collected 700 from pot
*** SUMMARY ***
Total pot 700 | Rake 0 | Jackpot 0 | Bingo 0 | Fortune 0 | Tax 0
Seat 1: fe3d2daf (button) folded before Flop
Seat 2: c52b3a9c (small blind) folded before Flop
Seat 3: c82513ff (big blind) folded before Flop
Seat 4: 72bba606 folded before Flop
Seat 5: Hero folded before Flop
Seat 6: 235c04c0 folded before Flop
Seat 7: 36985f7c folded before Flop
Seat 8: 2dc5d064 collected (700)


Poker Hand #TM5336475842: Tournament #248716921, Fifty Stack $5.50 Hold'em No Limit - Level1(100/200) - 2025/12/16 18:05:02
Table '20' 8-max Seat #8 is the button
Seat 1: fe3d2daf (50,000 in chips)
Seat 2: c52b3a9c (50,000 in chips)
Seat 3: c82513ff (50,000 in chips)
Seat 4: 72bba606 (50,000 in chips)
Seat 5: Hero (50,000 in chips)
Seat 6: 235c04c0 (50,000 in chips)
Seat 7: 36985f7c (50,000 in chips)
Seat 8: 2dc5d064 (50,000 in chips)
c52b3a9c: posts the ante 25
72bba606: posts the ante 25
36985f7c: posts the ante 25
Hero: posts the ante 25
c82513ff: posts the ante 25
2dc5d064: posts the ante 25
235c04c0: posts the ante 25
fe3d2daf: posts the ante 25
fe3d2daf: posts small blind 100
c52b3a9c: posts big blind 200
*** HOLE CARDS ***
Dealt to fe3d2daf 
Dealt to c52b3a9c 
Dealt to c82513ff 
Dealt to 72bba606 
Dealt to Hero [Ad 9h]
Dealt to 235c04c0 
Dealt to 36985f7c 
Dealt to 2dc5d064 
c82513ff: folds
72bba606: folds
Hero: folds
235c04c0: folds
36985f7c: raises 244 to 444
2dc5d064: folds
fe3d2daf: folds
c52b3a9c: folds
Uncalled bet (244) returned to 36985f7c
*** SHOWDOWN ***
36985f7c collected 700 from pot
*** SUMMARY ***
Total pot 700 | Rake 0 | Jackpot 0 | Bingo 0 | Fortune 0 | Tax 0
Seat 1: fe3d2daf (small blind) folded before Flop
Seat 2: c52b3a9c (big blind) folded before Flop
Seat 3: c82513ff folded before Flop
Seat 4: 72bba606 folded before Flop
Seat 5: Hero folded before Flop
Seat 6: 235c04c0 folded before Flop
Seat 7: 36985f7c collected (700)
Seat 8: 2dc5d064 (button) folded before Flop


