Poker Hand #TM5360875613: Tournament #249768082, Sunday Monster Stack $25 Hold'em No Limit - Level11(400/800) - 2025/12/22 00:10:17
Table '65' 8-max Seat #7 is the button
Seat 1: 9f9cba11 (26,400 in chips)
Seat 2: 1fdd9523 (106,978 in chips)
Seat 3: ed43dc7a (21,424 in chips)
Seat 4: 56bb711b (41,605 in chips)
Seat 5: db29cb25 (62,941 in chips)
Seat 6: 144951ec (24,686 in chips)
Seat 7: Hero (16,785 in chips)
Seat 8: 7ab6276 (50,762 in chips)
ed43dc7a: posts the ante 100
144951ec: posts the ante 100
9f9cba11: posts the ante 100
56bb711b: posts the ante 100
Hero: posts the ante 100
db29cb25: posts the ante 100
1fdd9523: posts the ante 100
7ab6276: posts the ante 100
7ab6276: posts small blind 400
9f9cba11: posts big blind 800
*** HOLE CARDS ***
Dealt to 9f9cba11 
Dealt to 1fdd9523 
Dealt to ed43dc7a 
Dealt to 56bb711b 
Dealt to db29cb25 
Dealt to 144951ec 
Dealt to Hero [Jd Qd]
Dealt to 7ab6276 
1fdd9523: folds
ed43dc7a: folds
56bb711b: raises 800 to 1,600
db29cb25: folds
144951ec: folds
Hero: calls 1,600
7ab6276: folds
9f9cba11: folds
*** FLOP *** [Ts 6d Ks]
56bb711b: checks
Hero: bets 1,680
56bb711b: calls 1,680
*** TURN *** [Ts 6d Ks] [Td]
56bb711b: checks
Hero: bets 3,280
56bb711b: raises 22,680 to 25,960
Hero: calls 10,125 and is all-in
Uncalled bet (12,555) returned to 56bb711b
56bb711b: shows [Kd Kc] (a full house, Kings full of Tens)
Hero: shows [Jd Qd] (a pair of Tens)
*** RIVER *** [Ts 6d Ks Td] [6s]
*** SHOWDOWN ***
56bb711b collected 35,370 from pot
*** SUMMARY ***
Total pot 35,370 | Rake 0 | Jackpot 0 | Bingo 0 | Fortune 0 | Tax 0
Board [Ts 6d Ks Td 6s]
Seat 1: 9f9cba11 (big blind) folded before Flop
Seat 2: 1fdd9523 folded before Flop
Seat 3: ed43dc7a folded before Flop
Seat 4: 56bb711b showed [Kd Kc] and won (35,370) with a full house, Kings full of Tens
Seat 5: db29cb25 folded before Flop
Seat 6: 144951ec folded before Flop
Seat 7: Hero (button) showed [Jd Qd] and lost with two pair, Tens and Sixes
Seat 8: 7ab6276 (small blind) folded before Flop


Poker Hand #TM5360875588: Tournament #249768082, Sunday Monster Stack $25 Hold'em No Limit - Level11(400/800) - 2025/12/22 00:09:58
Table '65' 8-max Seat #6 is the button
Seat 1: 9f9cba11 (26,500 in chips)
Seat 2: 1fdd9523 (107,078 in chips)
Seat 3: ed43dc7a (21,524 in chips)
Seat 4: 56bb711b (41,705 in chips)
Seat 5: db29cb25 (63,041 in chips)
Seat 6: 144951ec (24,786 in chips)
Seat 7: Hero (17,285 in chips)
Seat 8: 7ab6276 (49,662 in chips)
ed43dc7a: posts the ante 100
144951ec: posts the ante 100
9f9cba11: posts the ante 100
56bb711b: posts the ante 100
Hero: posts the ante 100
db29cb25: posts the ante 100
1fdd9523: posts the ante 100
7ab6276: posts the ante 100
Hero: posts small blind 400
7ab6276: posts big blind 800
*** HOLE CARDS ***
Dealt to 9f9cba11 
Dealt to 1fdd9523 
Dealt to ed43dc7a 
Dealt to 56bb711b 
Dealt to db29cb25 
Dealt to 144951ec 
Dealt to Hero [6d 2c]
Dealt to 7ab6276 
9f9cba11: folds
1fdd9523: folds
ed43dc7a: folds
56bb711b: folds
db29cb25: folds
144951ec: folds
Hero: folds
Uncalled bet (400) returned to 7ab6276
*** SHOWDOWN ***
7ab6276 collected 1,600 from pot
*** SUMMARY ***
Total pot 1,600 | Rake 0 | Jackpot 0 | Bingo 0 | Fortune 0 | Tax 0
Seat 1: 9f9cba11 folded before Flop
Seat 2: 1fdd9523 folded before Flop
Seat 3: ed43dc7a folded before Flop
Seat 4: 56bb711b folded before Flop
Seat 5: db29cb25 folded before Flop
Seat 6: 144951ec (button) folded before Flop
Seat 7: Hero (small blind) folded before Flop
Seat 8: 7ab6276 (big blind) collected (1,600)


Poker Hand #TM5360875549: Tournament #249768082, Sunday Monster Stack $25 Hold'em No Limit - Level11(400/800) - 2025/12/22 00:09:28
Table '65' 8-max Seat #5 is the button
Seat 1: 9f9cba11 (28,200 in chips)
Seat 2: 1fdd9523 (107,178 in chips)
Seat 3: ed43dc7a (21,624 in chips)
Seat 4: 56bb711b (41,805 in chips)
Seat 5: db29cb25 (59,541 in chips)
Seat 6: 144951ec (25,286 in chips)
Seat 7: Hero (18,185 in chips)
Seat 8: 7ab6276 (49,762 in chips)
ed43dc7a: posts the ante 100
144951ec: posts the ante 100
9f9cba11: posts the ante 100
56bb711b: posts the ante 100
Hero: posts the ante 100
db29cb25: posts the ante 100
1fdd9523: posts the ante 100
7ab6276: posts the ante 100
144951ec: posts small blind 400
Hero: posts big blind 800
*** HOLE CARDS ***
Dealt to 9f9cba11 
Dealt to 1fdd9523 
Dealt to ed43dc7a 
Dealt to 56bb711b 
Dealt to db29cb25 
Dealt to 144951ec 
Dealt to Hero [Ac 9s]
Dealt to 7ab6276 
7ab6276: folds
9f9cba11: raises 800 to 1,600
1fdd9523: folds
ed43dc7a: folds
56bb711b: folds
db29cb25: raises 2,800 to 4,400
144951ec: folds
Hero: folds
9f9cba11: folds
Uncalled bet (2,800) returned to db29cb25
*** SHOWDOWN ***
db29cb25 collected 5,200 from pot
*** SUMMARY ***
Total pot 5,200 | Rake 0 | Jackpot 0 | Bingo 0 | Fortune 0 | Tax 0
Seat 1: 9f9cba11 folded before Flop
Seat 2: 1fdd9523 folded before Flop
Seat 3: ed43dc7a folded before Flop
Seat 4: 56bb711b folded before Flop
Seat 5: db29cb25 (button) collected (5,200)
Seat 6: 144951ec (small blind) folded before Flop
Seat 7: Hero (big blind) folded before Flop
Seat 8: 7ab6276 folded before Flop


Poker Hand #TM5360875492: Tournament #249768082, Sunday Monster Stack $25 Hold'em No Limit - Level11(400/800) - 2025/12/22 00:08:42
Table '65' 8-max Seat #4 is the button
Seat 1: 9f9cba11 (28,300 in chips)
Seat 2: 1fdd9523 (107,278 in chips)
Seat 3: ed43dc7a (21,724 in chips)
Seat 4: 56bb711b (39,105 in chips)
Seat 5: db29cb25 (60,041 in chips)
Seat 6: 144951ec (26,986 in chips)
Seat 7: Hero (18,285 in chips)
Seat 8: 7ab6276 (49,862 in chips)
ed43dc7a: posts the ante 100
144951ec: posts the ante 100
9f9cba11: posts the ante 100
56bb711b: posts the ante 100
Hero: posts the ante 100
1fdd9523: posts the ante 100
7ab6276: posts the ante 100
db29cb25: posts the ante 100
db29cb25: posts small blind 400
144951ec: posts big blind 800
*** HOLE CARDS ***
Dealt to 9f9cba11 
Dealt to 1fdd9523 
Dealt to ed43dc7a 
Dealt to 56bb711b 
Dealt to db29cb25 
Dealt to 144951ec 
Dealt to Hero [4c 5c]
Dealt to 7ab6276 
Hero: folds
7ab6276: folds
9f9cba11: folds
1fdd9523: folds
ed43dc7a: folds
56bb711b: raises 800 to 1,600
db29cb25: folds
144951ec: calls 800
*** FLOP *** [As 5d 8h]
144951ec: checks
56bb711b: bets 1,760
144951ec: folds
Uncalled bet (1,760) returned to 56bb711b
*** SHOWDOWN ***
56bb711b collected 4,400 from pot
*** SUMMARY ***
Total pot 4,400 | Rake 0 | Jackpot 0 | Bingo 0 | Fortune 0 | Tax 0
Board [As 5d 8h]
Seat 1: 9f9cba11 folded before Flop
Seat 2: 1fdd9523 folded before Flop
Seat 3: ed43dc7a folded before Flop
Seat 4: 56bb711b (button) won (4,400)
Seat 5: db29cb25 (small blind) folded before Flop
Seat 6: 144951ec (big blind) folded on the Flop
Seat 7: Hero folded before Flop
Seat 8: 7ab6276 folded before Flop


Poker Hand #TM5360875468: Tournament #249768082, Sunday Monster Stack $25 Hold'em No Limit - Level11(400/800) - 2025/12/22 00:08:22
Table '65' 8-max Seat #3 is the button
Seat 1: 9f9cba11 (28,400 in chips)
Seat 2: 1fdd9523 (107,378 in chips)
Seat 3: ed43dc7a (21,824 in chips)
Seat 4: 56bb711b (39,605 in chips)
Seat 5: db29cb25 (58,941 in chips)
Seat 6: 144951ec (27,086 in chips)
Seat 7: Hero (18,385 in chips)
Seat 8: 7ab6276 (49,962 in chips)
ed43dc7a: posts the ante 100
144951ec: posts the ante 100
9f9cba11: posts the ante 100
56bb711b: posts the ante 100
Hero: posts the ante 100
1fdd9523: posts the ante 100
7ab6276: posts the ante 100
db29cb25: posts the ante 100
56bb711b: posts small blind 400
db29cb25: posts big blind 800
*** HOLE CARDS ***
Dealt to 9f9cba11 
Dealt to 1fdd9523 
Dealt to ed43dc7a 
Dealt to 56bb711b 
Dealt to db29cb25 
Dealt to 144951ec 
Dealt to Hero [4s 7d]
Dealt to 7ab6276 
144951ec: folds
Hero: folds
7ab6276: folds
9f9cba11: folds
1fdd9523: folds
ed43dc7a: folds
56bb711b: folds
Uncalled bet (400) returned to db29cb25
*** SHOWDOWN ***
db29cb25 collected 1,600 from pot
*** SUMMARY ***
Total pot 1,600 | Rake 0 | Jackpot 0 | Bingo 0 | Fortune 0 | Tax 0
Seat 1: 9f9cba11 folded before Flop
Seat 2: 1fdd9523 folded before Flop
Seat 3: ed43dc7a (button) folded before Flop
Seat 4: 56bb711b (small blind) folded before Flop
Seat 5: db29cb25 (big blind) collected (1,600)
Seat 6: 144951ec folded before Flop
Seat 7: Hero folded before Flop
Seat 8: 7ab6276 folded before Flop


Poker Hand #TM5360875352: Tournament #249768082, Sunday Monster Stack $25 Hold'em No Limit - Level11(400/800) - 2025/12/22 00:06:55
Table '65' 8-max Seat #2 is the button
Seat 1: 9f9cba11 (28,500 in chips)
Seat 2: 1fdd9523 (108,278 in chips)
Seat 3: ed43dc7a (19,524 in chips)
Seat 4: 56bb711b (40,505 in chips)
Seat 5: db29cb25 (59,041 in chips)
Seat 6: 144951ec (27,186 in chips)
Seat 7: Hero (18,485 in chips)
Seat 8: 7ab6276 (50,062 in chips)
ed43dc7a: posts the ante 100
144951ec: posts the ante 100
9f9cba11: posts the ante 100
56bb711b: posts the ante 100
Hero: posts the ante 100
1fdd9523: posts the ante 100
7ab6276: posts the ante 100
db29cb25: posts the ante 100
ed43dc7a: posts small blind 400
56bb711b: posts big blind 800
*** HOLE CARDS ***
Dealt to 9f9cba11 
Dealt to 1fdd9523 
Dealt to ed43dc7a 
Dealt to 56bb711b 
Dealt to db29cb25 
Dealt to 144951ec 
Dealt to Hero [Ah 5c]
Dealt to 7ab6276 
db29cb25: folds
144951ec: folds
Hero: folds
7ab6276: folds
9f9cba11: folds
1fdd9523: calls 800
ed43dc7a: calls 400
56bb711b: checks
*** FLOP *** [6d Jh Qc]
ed43dc7a: checks
56bb711b: checks
1fdd9523: checks
*** TURN *** [6d Jh Qc] [7h]
ed43dc7a: checks
56bb711b: checks
1fdd9523: checks
*** RIVER *** [6d Jh Qc 7h] [9h]
ed43dc7a: checks
56bb711b: checks
1fdd9523: checks
ed43dc7a: shows [9d Jc] (two pair, Jacks and Nines)
56bb711b: shows [2h Td] (Queen high)
1fdd9523: shows [2c 3c] (Queen high)
*** SHOWDOWN ***
ed43dc7a collected 3,200 from pot
*** SUMMARY ***
Total pot 3,200 | Rake 0 | Jackpot 0 | Bingo 0 | Fortune 0 | Tax 0
Board [6d Jh Qc 7h 9h]
Seat 1: 9f9cba11 folded before Flop
Seat 2: 1fdd9523 (button) showed [2c 3c] and lost with Queen high
Seat 3: ed43dc7a (small blind) showed [9d Jc] and won (3,200) with two pair, Jacks and Nines
Seat 4: 56bb711b (big blind) showed [2h Td] and lost with Queen high
Seat 5: db29cb25 folded before Flop
Seat 6: 144951ec folded before Flop
Seat 7: Hero folded before Flop
Seat 8: 7ab6276 folded before Flop


Poker Hand #TM5360875237: Tournament #249768082, Sunday Monster Stack $25 Hold'em No Limit - Level11(400/800) - 2025/12/22 00:05:16
Table '65' 8-max Seat #1 is the button
Seat 1: 9f9cba11 (28,600 in chips)
Seat 2: 1fdd9523 (115,274 in chips)
Seat 3: ed43dc7a (26,520 in chips)
Seat 4: 56bb711b (40,605 in chips)
Seat 5: db29cb25 (44,549 in chips)
Seat 6: 144951ec (27,286 in chips)
Seat 7: Hero (18,585 in chips)
Seat 8: 7ab6276 (50,162 in chips)
ed43dc7a: posts the ante 100
144951ec: posts the ante 100
9f9cba11: posts the ante 100
56bb711b: posts the ante 100
Hero: posts the ante 100
7ab6276: posts the ante 100
db29cb25: posts the ante 100
1fdd9523: posts the ante 100
1fdd9523: posts small blind 400
ed43dc7a: posts big blind 800
*** HOLE CARDS ***
Dealt to 9f9cba11 
Dealt to 1fdd9523 
Dealt to ed43dc7a 
Dealt to 56bb711b 
Dealt to db29cb25 
Dealt to 144951ec 
Dealt to Hero [Jh 9c]
Dealt to 7ab6276 
56bb711b: folds
db29cb25: raises 800 to 1,600
144951ec: folds
Hero: folds
7ab6276: folds
9f9cba11: folds
1fdd9523: calls 1,200
ed43dc7a: calls 800
*** FLOP *** [7d Tc Js]
1fdd9523: bets 1,848
ed43dc7a: raises 3,448 to 5,296
db29cb25: calls 5,296
1fdd9523: calls 3,448
*** TURN *** [7d Tc Js] [Ah]
1fdd9523: checks
ed43dc7a: checks
db29cb25: bets 37,553 and is all-in
1fdd9523: folds
ed43dc7a: folds
Uncalled bet (37,553) returned to db29cb25
*** SHOWDOWN ***
db29cb25 collected 21,488 from pot
*** SUMMARY ***
Total pot 21,488 | Rake 0 | Jackpot 0 | Bingo 0 | Fortune 0 | Tax 0
Board [7d Tc Js Ah]
Seat 1: 9f9cba11 (button) folded before Flop
Seat 2: 1fdd9523 (small blind) folded on the Turn
Seat 3: ed43dc7a (big blind) folded on the Turn
Seat 4: 56bb711b folded before Flop
Seat 5: db29cb25 won (21,488)
Seat 6: 144951ec folded before Flop
Seat 7: Hero folded before Flop
Seat 8: 7ab6276 folded before Flop


Poker Hand #TM5360875166: Tournament #249768082, Sunday Monster Stack $25 Hold'em No Limit - Level11(400/800) - 2025/12/22 00:04:17
Table '65' 8-max Seat #8 is the button
Seat 1: 9f9cba11 (29,100 in chips)
Seat 2: 1fdd9523 (116,974 in chips)
Seat 3: ed43dc7a (26,620 in chips)
Seat 4: 56bb711b (40,705 in chips)
Seat 5: db29cb25 (44,649 in chips)
Seat 6: 144951ec (27,386 in chips)
Seat 7: Hero (15,885 in chips)
Seat 8: 7ab6276 (50,262 in chips)
ed43dc7a: posts the ante 100
144951ec: posts the ante 100
9f9cba11: posts the ante 100
56bb711b: posts the ante 100
Hero: posts the ante 100
7ab6276: posts the ante 100
db29cb25: posts the ante 100
1fdd9523: posts the ante 100
9f9cba11: posts small blind 400
1fdd9523: posts big blind 800
*** HOLE CARDS ***
Dealt to 9f9cba11 
Dealt to 1fdd9523 
Dealt to ed43dc7a 
Dealt to 56bb711b 
Dealt to db29cb25 
Dealt to 144951ec 
Dealt to Hero [Qc Ks]
Dealt to 7ab6276 
ed43dc7a: folds
56bb711b: folds
db29cb25: folds
144951ec: folds
Hero: raises 800 to 1,600
7ab6276: folds
9f9cba11: folds
1fdd9523: calls 800
*** FLOP *** [2h 4h Js]
1fdd9523: checks
Hero: bets 1,520
1fdd9523: folds
Uncalled bet (1,520) returned to Hero
*** SHOWDOWN ***
Hero collected 4,400 from pot
*** SUMMARY ***
Total pot 4,400 | Rake 0 | Jackpot 0 | Bingo 0 | Fortune 0 | Tax 0
Board [2h 4h Js]
Seat 1: 9f9cba11 (small blind) folded before Flop
Seat 2: 1fdd9523 (big blind) folded on the Flop
Seat 3: ed43dc7a folded before Flop
Seat 4: 56bb711b folded before Flop
Seat 5: db29cb25 folded before Flop
Seat 6: 144951ec folded before Flop
Seat 7: Hero won (4,400)
Seat 8: 7ab6276 (button) folded before Flop


Poker Hand #TM5360875046: Tournament #249768082, Sunday Monster Stack $25 Hold'em No Limit - Level11(400/800) - 2025/12/22 00:02:45
Table '65' 8-max Seat #7 is the button
Seat 1: 9f9cba11 (30,000 in chips)
Seat 2: 1fdd9523 (117,074 in chips)
Seat 3: ed43dc7a (26,720 in chips)
Seat 4: 56bb711b (33,641 in chips)
Seat 5: db29cb25 (44,749 in chips)
Seat 6: 144951ec (31,050 in chips)
Seat 7: Hero (17,585 in chips)
Seat 8: 7ab6276 (50,762 in chips)
ed43dc7a: posts the ante 100
144951ec: posts the ante 100
9f9cba11: posts the ante 100
56bb711b: posts the ante 100
Hero: posts the ante 100
db29cb25: posts the ante 100
1fdd9523: posts the ante 100
7ab6276: posts the ante 100
7ab6276: posts small blind 400
9f9cba11: posts big blind 800
*** HOLE CARDS ***
Dealt to 9f9cba11 
Dealt to 1fdd9523 
Dealt to ed43dc7a 
Dealt to 56bb711b 
Dealt to db29cb25 
Dealt to 144951ec 
Dealt to Hero [9c Kc]
Dealt to 7ab6276 
1fdd9523: folds
ed43dc7a: folds
56bb711b: raises 800 to 1,600
db29cb25: folds
144951ec: calls 1,600
Hero: calls 1,600
7ab6276: folds
9f9cba11: folds
*** FLOP *** [2s Qs 5d]
56bb711b: checks
144951ec: bets 1,964
Hero: folds
56bb711b: calls 1,964
*** TURN *** [2s Qs 5d] [Jc]
56bb711b: checks
144951ec: checks
*** RIVER *** [2s Qs 5d Jc] [6s]
56bb711b: checks
144951ec: checks
56bb711b: shows [7h 7c] (a pair of Sevens)
144951ec: shows [4s 4d] (a pair of Fours)
*** SHOWDOWN ***
56bb711b collected 10,728 from pot
*** SUMMARY ***
Total pot 10,728 | Rake 0 | Jackpot 0 | Bingo 0 | Fortune 0 | Tax 0
Board [2s Qs 5d Jc 6s]
Seat 1: 9f9cba11 (big blind) folded before Flop
Seat 2: 1fdd9523 folded before Flop
Seat 3: ed43dc7a folded before Flop
Seat 4: 56bb711b showed [7h 7c] and won (10,728) with a pair of Sevens
Seat 5: db29cb25 folded before Flop
Seat 6: 144951ec showed [4s 4d] and lost with a pair of Fours
Seat 7: Hero (button) folded on the Flop
Seat 8: 7ab6276 (small blind) folded before Flop


Poker Hand #TM5360874897: Tournament #249768082, Sunday Monster Stack $25 Hold'em No Limit - Level11(400/800) - 2025/12/21 23:54:22
Table '65' 8-max Seat #6 is the button
Seat 1: 98c24cdf (18,715 in chips)
Seat 2: 1fdd9523 (110,169 in chips)
Seat 3: ed43dc7a (26,820 in chips)
Seat 4: 56bb711b (33,741 in chips)
Seat 5: db29cb25 (44,849 in chips)
Seat 6: 144951ec (31,150 in chips)
Seat 7: Hero (18,085 in chips)
Seat 8: 7ab6276 (56,667 in chips)
ed43dc7a: posts the ante 100
144951ec: posts the ante 100
56bb711b: posts the ante 100
Hero: posts the ante 100
98c24cdf: posts the ante 100
db29cb25: posts the ante 100
1fdd9523: posts the ante 100
7ab6276: posts the ante 100
Hero: posts small blind 400
7ab6276: posts big blind 800
*** HOLE CARDS ***
Dealt to 98c24cdf 
Dealt to 1fdd9523 
Dealt to ed43dc7a 
Dealt to 56bb711b 
Dealt to db29cb25 
Dealt to 144951ec 
Dealt to Hero [Td Qs]
Dealt to 7ab6276 
98c24cdf: folds
1fdd9523: calls 800
ed43dc7a: folds
56bb711b: folds
db29cb25: folds
144951ec: folds
Hero: folds
7ab6276: checks
*** FLOP *** [Ac 6h 5d]
7ab6276: checks
1fdd9523: bets 924
7ab6276: calls 924
*** TURN *** [Ac 6h 5d] [4s]
7ab6276: checks
1fdd9523: bets 1,534
7ab6276: calls 1,534
*** RIVER *** [Ac 6h 5d 4s] [3s]
7ab6276: checks
1fdd9523: bets 2,547
7ab6276: calls 2,547
1fdd9523: shows [4h As] (two pair, Aces and Fours)
7ab6276: shows [Ad 8d] (a pair of Aces)
*** SHOWDOWN ***
1fdd9523 collected 12,810 from pot
*** SUMMARY ***
Total pot 12,810 | Rake 0 | Jackpot 0 | Bingo 0 | Fortune 0 | Tax 0
Board [Ac 6h 5d 4s 3s]
Seat 1: 98c24cdf folded before Flop
Seat 2: 1fdd9523 showed [4h As] and won (12,810) with two pair, Aces and Fours
Seat 3: ed43dc7a folded before Flop
Seat 4: 56bb711b folded before Flop
Seat 5: db29cb25 folded before Flop
Seat 6: 144951ec (button) folded before Flop
Seat 7: Hero (small blind) folded before Flop
Seat 8: 7ab6276 (big blind) showed [Ad 8d] and lost with a pair of Aces


Poker Hand #TM5360874811: Tournament #249768082, Sunday Monster Stack $25 Hold'em No Limit - Level10(350/700) - 2025/12/21 23:53:16
Table '65' 8-max Seat #5 is the button
Seat 1: 98c24cdf (23,700 in chips)
Seat 2: 1fdd9523 (110,254 in chips)
Seat 3: ed43dc7a (26,905 in chips)
Seat 4: 56bb711b (33,826 in chips)
Seat 5: db29cb25 (38,304 in chips)
Seat 6: 144951ec (31,585 in chips)
Seat 7: Hero (18,870 in chips)
Seat 8: 7ab6276 (56,752 in chips)
ed43dc7a: posts the ante 85
144951ec: posts the ante 85
56bb711b: posts the ante 85
Hero: posts the ante 85
98c24cdf: posts the ante 85
db29cb25: posts the ante 85
1fdd9523: posts the ante 85
7ab6276: posts the ante 85
144951ec: posts small blind 350
Hero: posts big blind 700
*** HOLE CARDS ***
Dealt to 98c24cdf 
Dealt to 1fdd9523 
Dealt to ed43dc7a 
Dealt to 56bb711b 
Dealt to db29cb25 
Dealt to 144951ec 
Dealt to Hero [3s Tc]
Dealt to 7ab6276 
7ab6276: folds
98c24cdf: raises 700 to 1,400
1fdd9523: folds
ed43dc7a: folds
56bb711b: folds
db29cb25: raises 3,500 to 4,900
144951ec: folds
Hero: folds
98c24cdf: calls 3,500
*** FLOP *** [4h Ks 6s]
98c24cdf: checks
db29cb25: bets 3,850
98c24cdf: folds
Uncalled bet (3,850) returned to db29cb25
*** SHOWDOWN ***
db29cb25 collected 11,530 from pot
*** SUMMARY ***
Total pot 11,530 | Rake 0 | Jackpot 0 | Bingo 0 | Fortune 0 | Tax 0
Board [4h Ks 6s]
Seat 1: 98c24cdf folded on the Flop
Seat 2: 1fdd9523 folded before Flop
Seat 3: ed43dc7a folded before Flop
Seat 4: 56bb711b folded before Flop
Seat 5: db29cb25 (button) won (11,530)
Seat 6: 144951ec (small blind) folded before Flop
Seat 7: Hero (big blind) folded before Flop
Seat 8: 7ab6276 folded before Flop


Poker Hand #TM5360874692: Tournament #249768082, Sunday Monster Stack $25 Hold'em No Limit - Level10(350/700) - 2025/12/21 23:51:49
Table '65' 8-max Seat #4 is the button
Seat 1: 98c24cdf (23,785 in chips)
Seat 2: 1fdd9523 (99,299 in chips)
Seat 3: ed43dc7a (26,990 in chips)
Seat 4: 56bb711b (33,911 in chips)
Seat 5: db29cb25 (38,739 in chips)
Seat 6: 144951ec (34,540 in chips)
Seat 7: Hero (26,095 in chips)
Seat 8: 7ab6276 (56,837 in chips)
ed43dc7a: posts the ante 85
144951ec: posts the ante 85
56bb711b: posts the ante 85
Hero: posts the ante 85
98c24cdf: posts the ante 85
1fdd9523: posts the ante 85
7ab6276: posts the ante 85
db29cb25: posts the ante 85
db29cb25: posts small blind 350
144951ec: posts big blind 700
*** HOLE CARDS ***
Dealt to 98c24cdf 
Dealt to 1fdd9523 
Dealt to ed43dc7a 
Dealt to 56bb711b 
Dealt to db29cb25 
Dealt to 144951ec 
Dealt to Hero [As Qd]
Dealt to 7ab6276 
Hero: raises 700 to 1,400
7ab6276: folds
98c24cdf: folds
1fdd9523: calls 1,400
ed43dc7a: folds
56bb711b: folds
db29cb25: folds
144951ec: calls 700
*** FLOP *** [Ah 6s Kc]
144951ec: checks
Hero: bets 1,470
1fdd9523: calls 1,470
144951ec: calls 1,470
*** TURN *** [Ah 6s Kc] [Th]
144951ec: checks
Hero: bets 4,270
1fdd9523: calls 4,270
144951ec: folds
*** RIVER *** [Ah 6s Kc Th] [Kh]
Hero: checks
1fdd9523: bets 18,180
Hero: folds
Uncalled bet (18,180) returned to 1fdd9523
*** SHOWDOWN ***
1fdd9523 collected 18,180 from pot
*** SUMMARY ***
Total pot 18,180 | Rake 0 | Jackpot 0 | Bingo 0 | Fortune 0 | Tax 0
Board [Ah 6s Kc Th Kh]
Seat 1: 98c24cdf folded before Flop
Seat 2: 1fdd9523 won (18,180)
Seat 3: ed43dc7a folded before Flop
Seat 4: 56bb711b (button) folded before Flop
Seat 5: db29cb25 (small blind) folded before Flop
Seat 6: 144951ec (big blind) folded on the Turn
Seat 7: Hero folded on the River
Seat 8: 7ab6276 folded before Flop


Poker Hand #TM5360874665: Tournament #249768082, Sunday Monster Stack $25 Hold'em No Limit - Level10(350/700) - 2025/12/21 23:51:30
Table '65' 8-max Seat #3 is the button
Seat 1: 98c24cdf (22,140 in chips)
Seat 2: 1fdd9523 (99,384 in chips)
Seat 3: ed43dc7a (27,075 in chips)
Seat 4: 56bb711b (34,346 in chips)
Seat 5: db29cb25 (39,524 in chips)
Seat 6: 144951ec (34,625 in chips)
Seat 7: Hero (26,180 in chips)
Seat 8: 7ab6276 (56,922 in chips)
ed43dc7a: posts the ante 85
144951ec: posts the ante 85
56bb711b: posts the ante 85
Hero: posts the ante 85
98c24cdf: posts the ante 85
1fdd9523: posts the ante 85
7ab6276: posts the ante 85
db29cb25: posts the ante 85
56bb711b: posts small blind 350
db29cb25: posts big blind 700
*** HOLE CARDS ***
Dealt to 98c24cdf 
Dealt to 1fdd9523 
Dealt to ed43dc7a 
Dealt to 56bb711b 
Dealt to db29cb25 
Dealt to 144951ec 
Dealt to Hero [3s Tc]
Dealt to 7ab6276 
144951ec: folds
Hero: folds
7ab6276: folds
98c24cdf: raises 700 to 1,400
1fdd9523: folds
ed43dc7a: folds
56bb711b: folds
db29cb25: folds
Uncalled bet (700) returned to 98c24cdf
*** SHOWDOWN ***
98c24cdf collected 2,430 from pot
*** SUMMARY ***
Total pot 2,430 | Rake 0 | Jackpot 0 | Bingo 0 | Fortune 0 | Tax 0
Seat 1: 98c24cdf collected (2,430)
Seat 2: 1fdd9523 folded before Flop
Seat 3: ed43dc7a (button) folded before Flop
Seat 4: 56bb711b (small blind) folded before Flop
Seat 5: db29cb25 (big blind) folded before Flop
Seat 6: 144951ec folded before Flop
Seat 7: Hero folded before Flop
Seat 8: 7ab6276 folded before Flop


Poker Hand #TM5360874553: Tournament #249768082, Sunday Monster Stack $25 Hold'em No Limit - Level10(350/700) - 2025/12/21 23:50:15
Table '65' 8-max Seat #2 is the button
Seat 1: 98c24cdf (38,883 in chips)
Seat 2: 1fdd9523 (99,469 in chips)
Seat 3: ed43dc7a (27,510 in chips)
Seat 4: 56bb711b (16,743 in chips)
Seat 5: db29cb25 (39,609 in chips)
Seat 6: 144951ec (34,710 in chips)
Seat 7: Hero (26,265 in chips)
Seat 8: 7ab6276 (57,007 in chips)
ed43dc7a: posts the ante 85
144951ec: posts the ante 85
56bb711b: posts the ante 85
Hero: posts the ante 85
98c24cdf: posts the ante 85
1fdd9523: posts the ante 85
7ab6276: posts the ante 85
db29cb25: posts the ante 85
ed43dc7a: posts small blind 350
56bb711b: posts big blind 700
*** HOLE CARDS ***
Dealt to 98c24cdf 
Dealt to 1fdd9523 
Dealt to ed43dc7a 
Dealt to 56bb711b 
Dealt to db29cb25 
Dealt to 144951ec 
Dealt to Hero [7h Kh]
Dealt to 7ab6276 
db29cb25: folds
144951ec: folds
Hero: folds
7ab6276: folds
98c24cdf: raises 700 to 1,400
1fdd9523: folds
ed43dc7a: folds
56bb711b: raises 2,800 to 4,200
98c24cdf: calls 2,800
*** FLOP *** [8d 5h 6h]
56bb711b: bets 12,458 and is all-in
98c24cdf: calls 12,458
56bb711b: shows [Ac As] (a pair of Aces)
98c24cdf: shows [8h Ah] (a pair of Eights)
*** TURN *** [8d 5h 6h] [3c]
*** RIVER *** [8d 5h 6h 3c] [Qc]
*** SHOWDOWN ***
56bb711b collected 34,346 from pot
*** SUMMARY ***
Total pot 34,346 | Rake 0 | Jackpot 0 | Bingo 0 | Fortune 0 | Tax 0
Board [8d 5h 6h 3c Qc]
Seat 1: 98c24cdf showed [8h Ah] and lost with a pair of Eights
Seat 2: 1fdd9523 (button) folded before Flop
Seat 3: ed43dc7a (small blind) folded before Flop
Seat 4: 56bb711b (big blind) showed [Ac As] and won (34,346) with a pair of Aces
Seat 5: db29cb25 folded before Flop
Seat 6: 144951ec folded before Flop
Seat 7: Hero folded before Flop
Seat 8: 7ab6276 folded before Flop


Poker Hand #TM5360874463: Tournament #249768082, Sunday Monster Stack $25 Hold'em No Limit - Level10(350/700) - 2025/12/21 23:49:06
Table '65' 8-max Seat #1 is the button
Seat 1: 98c24cdf (38,968 in chips)
Seat 2: 1fdd9523 (103,054 in chips)
Seat 3: ed43dc7a (28,295 in chips)
Seat 4: 56bb711b (16,828 in chips)
Seat 5: db29cb25 (39,694 in chips)
Seat 6: 144951ec (29,915 in chips)
Seat 7: Hero (26,350 in chips)
Seat 8: 7ab6276 (57,092 in chips)
ed43dc7a: posts the ante 85
144951ec: posts the ante 85
56bb711b: posts the ante 85
Hero: posts the ante 85
98c24cdf: posts the ante 85
7ab6276: posts the ante 85
db29cb25: posts the ante 85
1fdd9523: posts the ante 85
1fdd9523: posts small blind 350
ed43dc7a: posts big blind 700
*** HOLE CARDS ***
Dealt to 98c24cdf 
Dealt to 1fdd9523 
Dealt to ed43dc7a 
Dealt to 56bb711b 
Dealt to db29cb25 
Dealt to 144951ec 
Dealt to Hero [Kh 2c]
Dealt to 7ab6276 
56bb711b: folds
db29cb25: folds
144951ec: raises 700 to 1,400
Hero: folds
7ab6276: folds
98c24cdf: folds
1fdd9523: calls 1,050
ed43dc7a: folds
*** FLOP *** [9d Td 8d]
1fdd9523: checks
144951ec: checks
*** TURN *** [9d Td 8d] [4s]
1fdd9523: checks
144951ec: bets 2,100
1fdd9523: calls 2,100
*** RIVER *** [9d Td 8d 4s] [7h]
1fdd9523: checks
144951ec: checks
1fdd9523: shows [5c 7c] (a pair of Sevens)
144951ec: shows [8h Ah] (a pair of Eights)
*** SHOWDOWN ***
144951ec collected 8,380 from pot
*** SUMMARY ***
Total pot 8,380 | Rake 0 | Jackpot 0 | Bingo 0 | Fortune 0 | Tax 0
Board [9d Td 8d 4s 7h]
Seat 1: 98c24cdf (button) folded before Flop
Seat 2: 1fdd9523 (small blind) showed [5c 7c] and lost with a pair of Sevens
Seat 3: ed43dc7a (big blind) folded before Flop
Seat 4: 56bb711b folded before Flop
Seat 5: db29cb25 folded before Flop
Seat 6: 144951ec showed [8h Ah] and won (8,380) with a pair of Eights
Seat 7: Hero folded before Flop
Seat 8: 7ab6276 folded before Flop


Poker Hand #TM5360874393: Tournament #249768082, Sunday Monster Stack $25 Hold'em No Limit - Level10(350/700) - 2025/12/21 23:48:15
Table '65' 8-max Seat #8 is the button
Seat 1: 98c24cdf (36,273 in chips)
Seat 2: 1fdd9523 (105,239 in chips)
Seat 3: ed43dc7a (28,380 in chips)
Seat 4: 56bb711b (16,913 in chips)
Seat 5: db29cb25 (39,779 in chips)
Seat 6: 144951ec (30,000 in chips)
Seat 7: Hero (26,435 in chips)
Seat 8: 7ab6276 (57,177 in chips)
ed43dc7a: posts the ante 85
144951ec: posts the ante 85
56bb711b: posts the ante 85
Hero: posts the ante 85
98c24cdf: posts the ante 85
7ab6276: posts the ante 85
db29cb25: posts the ante 85
1fdd9523: posts the ante 85
98c24cdf: posts small blind 350
1fdd9523: posts big blind 700
*** HOLE CARDS ***
Dealt to 98c24cdf 
Dealt to 1fdd9523 
Dealt to ed43dc7a 
Dealt to 56bb711b 
Dealt to db29cb25 
Dealt to 144951ec 
Dealt to Hero [Qd 6s]
Dealt to 7ab6276 
ed43dc7a: folds
56bb711b: folds
db29cb25: folds
144951ec: folds
Hero: folds
7ab6276: folds
98c24cdf: raises 1,400 to 2,100
1fdd9523: calls 1,400
*** FLOP *** [Qh Ac 4s]
98c24cdf: bets 1,611
1fdd9523: folds
Uncalled bet (1,611) returned to 98c24cdf
*** SHOWDOWN ***
98c24cdf collected 4,880 from pot
*** SUMMARY ***
Total pot 4,880 | Rake 0 | Jackpot 0 | Bingo 0 | Fortune 0 | Tax 0
Board [Qh Ac 4s]
Seat 1: 98c24cdf (small blind) won (4,880)
Seat 2: 1fdd9523 (big blind) folded on the Flop
Seat 3: ed43dc7a folded before Flop
Seat 4: 56bb711b folded before Flop
Seat 5: db29cb25 folded before Flop
Seat 6: 144951ec folded before Flop
Seat 7: Hero folded before Flop
Seat 8: 7ab6276 (button) folded before Flop


Poker Hand #TM5360874285: Tournament #249768082, Sunday Monster Stack $25 Hold'em No Limit - Level10(350/700) - 2025/12/21 23:47:01
Table '65' 8-max Seat #7 is the button
Seat 1: 98c24cdf (32,515 in chips)
Seat 2: 1fdd9523 (105,324 in chips)
Seat 3: ed43dc7a (28,465 in chips)
Seat 4: 56bb711b (19,896 in chips)
Seat 5: db29cb25 (39,864 in chips)
Seat 7: Hero (26,520 in chips)
Seat 8: 7ab6276 (57,612 in chips)
ed43dc7a: posts the ante 85
56bb711b: posts the ante 85
Hero: posts the ante 85
98c24cdf: posts the ante 85
db29cb25: posts the ante 85
1fdd9523: posts the ante 85
7ab6276: posts the ante 85
7ab6276: posts small blind 350
98c24cdf: posts big blind 700
*** HOLE CARDS ***
Dealt to 98c24cdf 
Dealt to 1fdd9523 
Dealt to ed43dc7a 
Dealt to 56bb711b 
Dealt to db29cb25 
Dealt to Hero [6s 9d]
Dealt to 7ab6276 
1fdd9523: folds
ed43dc7a: folds
56bb711b: raises 700 to 1,400
db29cb25: folds
Hero: folds
7ab6276: folds
98c24cdf: calls 700
*** FLOP *** [8s Ks 9c]
98c24cdf: checks
56bb711b: bets 1,498
98c24cdf: raises 2,702 to 4,200
56bb711b: folds
Uncalled bet (2,702) returned to 98c24cdf
*** SHOWDOWN ***
98c24cdf collected 6,741 from pot
*** SUMMARY ***
Total pot 6,741 | Rake 0 | Jackpot 0 | Bingo 0 | Fortune 0 | Tax 0
Board [8s Ks 9c]
Seat 1: 98c24cdf (big blind) won (6,741)
Seat 2: 1fdd9523 folded before Flop
Seat 3: ed43dc7a folded before Flop
Seat 4: 56bb711b folded on the Flop
Seat 5: db29cb25 folded before Flop
Seat 7: Hero (button) folded before Flop
Seat 8: 7ab6276 (small blind) folded before Flop


Poker Hand #TM5360874152: Tournament #249768082, Sunday Monster Stack $25 Hold'em No Limit - Level10(350/700) - 2025/12/21 23:45:18
Table '65' 8-max Seat #5 is the button
Seat 1: 98c24cdf (32,600 in chips)
Seat 2: 1fdd9523 (109,098 in chips)
Seat 3: ed43dc7a (28,550 in chips)
Seat 4: 56bb711b (19,981 in chips)
Seat 5: db29cb25 (33,886 in chips)
Seat 6: cb1ebeee (1,079 in chips)
Seat 7: Hero (27,305 in chips)
Seat 8: 7ab6276 (57,697 in chips)
ed43dc7a: posts the ante 85
56bb711b: posts the ante 85
cb1ebeee: posts the ante 85
Hero: posts the ante 85
98c24cdf: posts the ante 85
db29cb25: posts the ante 85
1fdd9523: posts the ante 85
7ab6276: posts the ante 85
cb1ebeee: posts small blind 350
Hero: posts big blind 700
*** HOLE CARDS ***
Dealt to 98c24cdf 
Dealt to 1fdd9523 
Dealt to ed43dc7a 
Dealt to 56bb711b 
Dealt to db29cb25 
Dealt to cb1ebeee 
Dealt to Hero [5c Ks]
Dealt to 7ab6276 
7ab6276: folds
98c24cdf: folds
1fdd9523: calls 700
ed43dc7a: folds
56bb711b: folds
db29cb25: raises 1,050 to 1,750
cb1ebeee: calls 644 and is all-in
Hero: folds
1fdd9523: calls 1,050
*** FLOP *** [Qs 6d 4c]
1fdd9523: checks
db29cb25: bets 1,939
1fdd9523: calls 1,939
*** TURN *** [Qs 6d 4c] [8d]
1fdd9523: checks
db29cb25: bets 3,219
1fdd9523: folds
Uncalled bet (3,219) returned to db29cb25
db29cb25: shows [Qd Qc] (three of a kind, Queens)
cb1ebeee: shows [Td 8h] (a pair of Eights)
*** RIVER *** [Qs 6d 4c 8d] [Kd]
*** SHOWDOWN ***
db29cb25 collected 4,362 from pot
db29cb25 collected 5,390 from pot
*** SUMMARY ***
Total pot 9,752 | Rake 0 | Jackpot 0 | Bingo 0 | Fortune 0 | Tax 0
Board [Qs 6d 4c 8d Kd]
Seat 1: 98c24cdf folded before Flop
Seat 2: 1fdd9523 folded on the Turn
Seat 3: ed43dc7a folded before Flop
Seat 4: 56bb711b folded before Flop
Seat 5: db29cb25 (button) showed [Qd Qc] and won (9,752) with three of a kind, Queens
Seat 6: cb1ebeee (small blind) showed [Td 8h] and lost with a pair of Eights
Seat 7: Hero (big blind) folded before Flop
Seat 8: 7ab6276 folded before Flop


Poker Hand #TM5360874042: Tournament #249768082, Sunday Monster Stack $25 Hold'em No Limit - Level10(350/700) - 2025/12/21 23:44:04
Table '65' 8-max Seat #4 is the button
Seat 1: 98c24cdf (32,685 in chips)
Seat 2: 1fdd9523 (70,025 in chips)
Seat 3: ed43dc7a (28,635 in chips)
Seat 4: 56bb711b (20,066 in chips)
Seat 5: db29cb25 (34,321 in chips)
Seat 6: cb1ebeee (39,292 in chips)
Seat 7: Hero (27,390 in chips)
Seat 8: 7ab6276 (57,782 in chips)
ed43dc7a: posts the ante 85
56bb711b: posts the ante 85
cb1ebeee: posts the ante 85
Hero: posts the ante 85
98c24cdf: posts the ante 85
1fdd9523: posts the ante 85
7ab6276: posts the ante 85
db29cb25: posts the ante 85
db29cb25: posts small blind 350
cb1ebeee: posts big blind 700
*** HOLE CARDS ***
Dealt to 98c24cdf 
Dealt to 1fdd9523 
Dealt to ed43dc7a 
Dealt to 56bb711b 
Dealt to db29cb25 
Dealt to cb1ebeee 
Dealt to Hero [6s Jd]
Dealt to 7ab6276 
Hero: folds
7ab6276: folds
98c24cdf: folds
1fdd9523: calls 700
ed43dc7a: folds
56bb711b: folds
db29cb25: folds
cb1ebeee: checks
*** FLOP *** [5d Ts 3s]
cb1ebeee: checks
1fdd9523: bets 802
cb1ebeee: raises 3,026 to 3,828
1fdd9523: calls 3,026
*** TURN *** [5d Ts 3s] [7h]
cb1ebeee: bets 10,500
1fdd9523: calls 10,500
*** RIVER *** [5d Ts 3s 7h] [3c]
cb1ebeee: bets 23,100
1fdd9523: calls 23,100
cb1ebeee: shows [6h 2c] (a pair of Threes)
1fdd9523: shows [As Ad] (two pair, Aces and Threes)
*** SHOWDOWN ***
1fdd9523 collected 77,286 from pot
*** SUMMARY ***
Total pot 77,286 | Rake 0 | Jackpot 0 | Bingo 0 | Fortune 0 | Tax 0
Board [5d Ts 3s 7h 3c]
Seat 1: 98c24cdf folded before Flop
Seat 2: 1fdd9523 showed [As Ad] and won (77,286) with two pair, Aces and Threes
Seat 3: ed43dc7a folded before Flop
Seat 4: 56bb711b (button) folded before Flop
Seat 5: db29cb25 (small blind) folded before Flop
Seat 6: cb1ebeee (big blind) showed [6h 2c] and lost with a pair of Threes
Seat 7: Hero folded before Flop
Seat 8: 7ab6276 folded before Flop


Poker Hand #TM5360873979: Tournament #249768082, Sunday Monster Stack $25 Hold'em No Limit - Level9(300/600) - 2025/12/21 23:43:15
Table '65' 8-max Seat #3 is the button
Seat 1: 98c24cdf (32,760 in chips)
Seat 2: 1fdd9523 (70,100 in chips)
Seat 3: ed43dc7a (28,710 in chips)
Seat 4: 56bb711b (20,441 in chips)
Seat 5: db29cb25 (35,776 in chips)
Seat 6: cb1ebeee (39,367 in chips)
Seat 7: Hero (27,465 in chips)
Seat 8: 7ab6276 (55,577 in chips)
ed43dc7a: posts the ante 75
cb1ebeee: posts the ante 75
56bb711b: posts the ante 75
Hero: posts the ante 75
98c24cdf: posts the ante 75
1fdd9523: posts the ante 75
7ab6276: posts the ante 75
db29cb25: posts the ante 75
56bb711b: posts small blind 300
db29cb25: posts big blind 600
*** HOLE CARDS ***
Dealt to 98c24cdf 
Dealt to 1fdd9523 
Dealt to ed43dc7a 
Dealt to 56bb711b 
Dealt to db29cb25 
Dealt to cb1ebeee 
Dealt to Hero [3s Jh]
Dealt to 7ab6276 
cb1ebeee: folds
Hero: folds
7ab6276: raises 780 to 1,380
98c24cdf: folds
1fdd9523: folds
ed43dc7a: folds
56bb711b: folds
db29cb25: calls 780
*** FLOP *** [Kd 9d 7c]
db29cb25: checks
7ab6276: bets 1,500
db29cb25: folds
Uncalled bet (1,500) returned to 7ab6276
*** SHOWDOWN ***
7ab6276 collected 3,660 from pot
*** SUMMARY ***
Total pot 3,660 | Rake 0 | Jackpot 0 | Bingo 0 | Fortune 0 | Tax 0
Board [Kd 9d 7c]
Seat 1: 98c24cdf folded before Flop
Seat 2: 1fdd9523 folded before Flop
Seat 3: ed43dc7a (button) folded before Flop
Seat 4: 56bb711b (small blind) folded before Flop
Seat 5: db29cb25 (big blind) folded on the Flop
Seat 6: cb1ebeee folded before Flop
Seat 7: Hero folded before Flop
Seat 8: 7ab6276 won (3,660)


Poker Hand #TM5360873865: Tournament #249768082, Sunday Monster Stack $25 Hold'em No Limit - Level9(300/600) - 2025/12/21 23:41:56
Table '65' 8-max Seat #2 is the button
Seat 1: 98c24cdf (32,835 in chips)
Seat 2: 1fdd9523 (65,615 in chips)
Seat 3: ed43dc7a (29,085 in chips)
Seat 4: 56bb711b (21,716 in chips)
Seat 5: db29cb25 (35,851 in chips)
Seat 6: cb1ebeee (39,442 in chips)
Seat 7: Hero (30,000 in chips)
Seat 8: 7ab6276 (55,652 in chips)
ed43dc7a: posts the ante 75
cb1ebeee: posts the ante 75
56bb711b: posts the ante 75
Hero: posts the ante 75
98c24cdf: posts the ante 75
1fdd9523: posts the ante 75
7ab6276: posts the ante 75
db29cb25: posts the ante 75
ed43dc7a: posts small blind 300
56bb711b: posts big blind 600
*** HOLE CARDS ***
Dealt to 98c24cdf 
Dealt to 1fdd9523 
Dealt to ed43dc7a 
Dealt to 56bb711b 
Dealt to db29cb25 
Dealt to cb1ebeee 
Dealt to Hero [8h 9h]
Dealt to 7ab6276 
db29cb25: folds
cb1ebeee: folds
Hero: raises 600 to 1,200
7ab6276: folds
98c24cdf: folds
1fdd9523: calls 1,200
ed43dc7a: folds
56bb711b: calls 600
*** FLOP *** [Js 6h Qs]
56bb711b: checks
Hero: checks
1fdd9523: checks
*** TURN *** [Js 6h Qs] [2h]
56bb711b: checks
Hero: bets 1,260
1fdd9523: calls 1,260
56bb711b: folds
*** RIVER *** [Js 6h Qs 2h] [6s]
Hero: checks
1fdd9523: bets 2,317
Hero: folds
Uncalled bet (2,317) returned to 1fdd9523
*** SHOWDOWN ***
1fdd9523 collected 7,020 from pot
*** SUMMARY ***
Total pot 7,020 | Rake 0 | Jackpot 0 | Bingo 0 | Fortune 0 | Tax 0
Board [Js 6h Qs 2h 6s]
Seat 1: 98c24cdf folded before Flop
Seat 2: 1fdd9523 (button) won (7,020)
Seat 3: ed43dc7a (small blind) folded before Flop
Seat 4: 56bb711b (big blind) folded on the Turn
Seat 5: db29cb25 folded before Flop
Seat 6: cb1ebeee folded before Flop
Seat 7: Hero folded on the River
Seat 8: 7ab6276 folded before Flop


Poker Hand #TM5360873713: Tournament #249768082, Sunday Monster Stack $25 Hold'em No Limit - Level9(300/600) - 2025/12/21 23:40:06
Table '65' 8-max Seat #1 is the button
Seat 1: 98c24cdf (32,910 in chips)
Seat 2: 1fdd9523 (67,070 in chips)
Seat 3: ed43dc7a (25,800 in chips)
Seat 4: 56bb711b (21,791 in chips)
Seat 5: db29cb25 (35,926 in chips)
Seat 6: cb1ebeee (39,517 in chips)
Seat 7: Hero (30,075 in chips)
Seat 8: 7ab6276 (57,107 in chips)
ed43dc7a: posts the ante 75
cb1ebeee: posts the ante 75
56bb711b: posts the ante 75
Hero: posts the ante 75
98c24cdf: posts the ante 75
7ab6276: posts the ante 75
db29cb25: posts the ante 75
1fdd9523: posts the ante 75
1fdd9523: posts small blind 300
ed43dc7a: posts big blind 600
*** HOLE CARDS ***
Dealt to 98c24cdf 
Dealt to 1fdd9523 
Dealt to ed43dc7a 
Dealt to 56bb711b 
Dealt to db29cb25 
Dealt to cb1ebeee 
Dealt to Hero [9c 6d]
Dealt to 7ab6276 
56bb711b: folds
db29cb25: folds
cb1ebeee: folds
Hero: folds
7ab6276: raises 780 to 1,380
98c24cdf: folds
1fdd9523: calls 1,080
ed43dc7a: calls 780
*** FLOP *** [Ac 6h 5c]
1fdd9523: checks
ed43dc7a: checks
7ab6276: checks
*** TURN *** [Ac 6h 5c] [Js]
1fdd9523: checks
ed43dc7a: checks
7ab6276: checks
*** RIVER *** [Ac 6h 5c Js] [Jh]
1fdd9523: checks
ed43dc7a: bets 4,740
7ab6276: folds
1fdd9523: folds
Uncalled bet (4,740) returned to ed43dc7a
*** SHOWDOWN ***
ed43dc7a collected 4,740 from pot
*** SUMMARY ***
Total pot 4,740 | Rake 0 | Jackpot 0 | Bingo 0 | Fortune 0 | Tax 0
Board [Ac 6h 5c Js Jh]
Seat 1: 98c24cdf (button) folded before Flop
Seat 2: 1fdd9523 (small blind) folded on the River
Seat 3: ed43dc7a (big blind) won (4,740)
Seat 4: 56bb711b folded before Flop
Seat 5: db29cb25 folded before Flop
Seat 6: cb1ebeee folded before Flop
Seat 7: Hero folded before Flop
Seat 8: 7ab6276 folded on the River


Poker Hand #TM5360873618: Tournament #249768082, Sunday Monster Stack $25 Hold'em No Limit - Level9(300/600) - 2025/12/21 23:38:58
Table '65' 8-max Seat #8 is the button
Seat 1: 98c24cdf (33,285 in chips)
Seat 2: 1fdd9523 (44,396 in chips)
Seat 3: ed43dc7a (46,284 in chips)
Seat 4: 56bb711b (23,306 in chips)
Seat 5: db29cb25 (36,001 in chips)
Seat 6: cb1ebeee (39,592 in chips)
Seat 7: Hero (30,150 in chips)
Seat 8: 7ab6276 (57,182 in chips)
ed43dc7a: posts the ante 75
cb1ebeee: posts the ante 75
56bb711b: posts the ante 75
Hero: posts the ante 75
98c24cdf: posts the ante 75
7ab6276: posts the ante 75
db29cb25: posts the ante 75
1fdd9523: posts the ante 75
98c24cdf: posts small blind 300
1fdd9523: posts big blind 600
*** HOLE CARDS ***
Dealt to 98c24cdf 
Dealt to 1fdd9523 
Dealt to ed43dc7a 
Dealt to 56bb711b 
Dealt to db29cb25 
Dealt to cb1ebeee 
Dealt to Hero [2c 8h]
Dealt to 7ab6276 
ed43dc7a: raises 840 to 1,440
56bb711b: calls 1,440
db29cb25: folds
cb1ebeee: folds
Hero: folds
7ab6276: folds
98c24cdf: folds
1fdd9523: calls 840
*** FLOP *** [Qc Td 3s]
1fdd9523: bets 1,723
ed43dc7a: calls 1,723
56bb711b: folds
*** TURN *** [Qc Td 3s] [9s]
1fdd9523: bets 2,860
ed43dc7a: calls 2,860
*** RIVER *** [Qc Td 3s 9s] [Ac]
1fdd9523: bets 14,386
ed43dc7a: calls 14,386
1fdd9523: shows [Ks Jd] (a straight, Ace to Ten)
ed43dc7a: shows [Th Tc] (three of a kind, Tens)
*** SHOWDOWN ***
1fdd9523 collected 43,158 from pot
*** SUMMARY ***
Total pot 43,158 | Rake 0 | Jackpot 0 | Bingo 0 | Fortune 0 | Tax 0
Board [Qc Td 3s 9s Ac]
Seat 1: 98c24cdf (small blind) folded before Flop
Seat 2: 1fdd9523 (big blind) showed [Ks Jd] and won (43,158) with a straight, Ace to Ten
Seat 3: ed43dc7a showed [Th Tc] and lost with three of a kind, Tens
Seat 4: 56bb711b folded on the Flop
Seat 5: db29cb25 folded before Flop
Seat 6: cb1ebeee folded before Flop
Seat 7: Hero folded before Flop
Seat 8: 7ab6276 (button) folded before Flop


Poker Hand #TM5360873519: Tournament #249768082, Sunday Monster Stack $25 Hold'em No Limit - Level9(300/600) - 2025/12/21 23:37:45
Table '65' 8-max Seat #7 is the button
Seat 1: 98c24cdf (34,560 in chips)
Seat 2: 1fdd9523 (43,421 in chips)
Seat 3: ed43dc7a (46,359 in chips)
Seat 4: 56bb711b (23,381 in chips)
Seat 5: db29cb25 (36,076 in chips)
Seat 6: cb1ebeee (39,667 in chips)
Seat 7: Hero (29,175 in chips)
Seat 8: 7ab6276 (57,557 in chips)
ed43dc7a: posts the ante 75
cb1ebeee: posts the ante 75
56bb711b: posts the ante 75
Hero: posts the ante 75
98c24cdf: posts the ante 75
db29cb25: posts the ante 75
1fdd9523: posts the ante 75
7ab6276: posts the ante 75
7ab6276: posts small blind 300
98c24cdf: posts big blind 600
*** HOLE CARDS ***
Dealt to 98c24cdf 
Dealt to 1fdd9523 
Dealt to ed43dc7a 
Dealt to 56bb711b 
Dealt to db29cb25 
Dealt to cb1ebeee 
Dealt to Hero [8s Ks]
Dealt to 7ab6276 
1fdd9523: calls 600
ed43dc7a: folds
56bb711b: folds
db29cb25: folds
cb1ebeee: folds
Hero: raises 600 to 1,200
7ab6276: folds
98c24cdf: calls 600
1fdd9523: calls 600
*** FLOP *** [Kc Qs 3c]
98c24cdf: checks
1fdd9523: bets 1,485
Hero: calls 1,485
98c24cdf: folds
*** TURN *** [Kc Qs 3c] [3h]
1fdd9523: bets 2,466
Hero: calls 2,466
*** RIVER *** [Kc Qs 3c 3h] [Ad]
1fdd9523: bets 4,093
Hero: calls 4,093
1fdd9523: shows [Kh Tc] (two pair, Kings and Threes)
Hero: shows [8s Ks] (two pair, Kings and Threes)
*** SHOWDOWN ***
Hero collected 10,294 from pot
1fdd9523 collected 10,294 from pot
*** SUMMARY ***
Total pot 20,588 | Rake 0 | Jackpot 0 | Bingo 0 | Fortune 0 | Tax 0
Board [Kc Qs 3c 3h Ad]
Seat 1: 98c24cdf (big blind) folded on the Flop
Seat 2: 1fdd9523 showed [Kh Tc] and won (10,294) with two pair, Kings and Threes
Seat 3: ed43dc7a folded before Flop
Seat 4: 56bb711b folded before Flop
Seat 5: db29cb25 folded before Flop
Seat 6: cb1ebeee folded before Flop
Seat 7: Hero (button) showed [8s Ks] and won (10,294) with two pair, Kings and Threes
Seat 8: 7ab6276 (small blind) folded before Flop


Poker Hand #TM5360873473: Tournament #249768082, Sunday Monster Stack $25 Hold'em No Limit - Level9(300/600) - 2025/12/21 23:37:11
Table '65' 8-max Seat #6 is the button
Seat 1: 98c24cdf (31,935 in chips)
Seat 2: 1fdd9523 (43,496 in chips)
Seat 3: ed43dc7a (46,434 in chips)
Seat 4: 56bb711b (23,456 in chips)
Seat 5: db29cb25 (37,351 in chips)
Seat 6: cb1ebeee (39,742 in chips)
Seat 7: Hero (29,550 in chips)
Seat 8: 7ab6276 (58,232 in chips)
ed43dc7a: posts the ante 75
cb1ebeee: posts the ante 75
56bb711b: posts the ante 75
Hero: posts the ante 75
98c24cdf: posts the ante 75
db29cb25: posts the ante 75
1fdd9523: posts the ante 75
7ab6276: posts the ante 75
Hero: posts small blind 300
7ab6276: posts big blind 600
*** HOLE CARDS ***
Dealt to 98c24cdf 
Dealt to 1fdd9523 
Dealt to ed43dc7a 
Dealt to 56bb711b 
Dealt to db29cb25 
Dealt to cb1ebeee 
Dealt to Hero [9h 4s]
Dealt to 7ab6276 
98c24cdf: raises 600 to 1,200
1fdd9523: folds
ed43dc7a: folds
56bb711b: folds
db29cb25: calls 1,200
cb1ebeee: folds
Hero: folds
7ab6276: folds
*** FLOP *** [2c Td Qs]
98c24cdf: bets 1,287
db29cb25: folds
Uncalled bet (1,287) returned to 98c24cdf
*** SHOWDOWN ***
98c24cdf collected 3,900 from pot
*** SUMMARY ***
Total pot 3,900 | Rake 0 | Jackpot 0 | Bingo 0 | Fortune 0 | Tax 0
Board [2c Td Qs]
Seat 1: 98c24cdf won (3,900)
Seat 2: 1fdd9523 folded before Flop
Seat 3: ed43dc7a folded before Flop
Seat 4: 56bb711b folded before Flop
Seat 5: db29cb25 folded on the Flop
Seat 6: cb1ebeee (button) folded before Flop
Seat 7: Hero (small blind) folded before Flop
Seat 8: 7ab6276 (big blind) folded before Flop


Poker Hand #TM5360873384: Tournament #249768082, Sunday Monster Stack $25 Hold'em No Limit - Level9(300/600) - 2025/12/21 23:36:08
Table '65' 8-max Seat #5 is the button
Seat 1: 98c24cdf (32,010 in chips)
Seat 2: 1fdd9523 (45,671 in chips)
Seat 3: ed43dc7a (46,509 in chips)
Seat 4: 56bb711b (19,931 in chips)
Seat 5: db29cb25 (37,426 in chips)
Seat 6: cb1ebeee (40,117 in chips)
Seat 7: Hero (30,225 in chips)
Seat 8: 7ab6276 (58,307 in chips)
ed43dc7a: posts the ante 75
56bb711b: posts the ante 75
cb1ebeee: posts the ante 75
Hero: posts the ante 75
98c24cdf: posts the ante 75
db29cb25: posts the ante 75
1fdd9523: posts the ante 75
7ab6276: posts the ante 75
cb1ebeee: posts small blind 300
Hero: posts big blind 600
*** HOLE CARDS ***
Dealt to 98c24cdf 
Dealt to 1fdd9523 
Dealt to ed43dc7a 
Dealt to 56bb711b 
Dealt to db29cb25 
Dealt to cb1ebeee 
Dealt to Hero [Kh 2h]
Dealt to 7ab6276 
7ab6276: folds
98c24cdf: folds
1fdd9523: calls 600
ed43dc7a: folds
56bb711b: raises 1,500 to 2,100
db29cb25: folds
cb1ebeee: folds
Hero: folds
1fdd9523: calls 1,500
*** FLOP *** [5d 8h 8s]
1fdd9523: checks
56bb711b: bets 1,425
1fdd9523: folds
Uncalled bet (1,425) returned to 56bb711b
*** SHOWDOWN ***
56bb711b collected 5,700 from pot
*** SUMMARY ***
Total pot 5,700 | Rake 0 | Jackpot 0 | Bingo 0 | Fortune 0 | Tax 0
Board [5d 8h 8s]
Seat 1: 98c24cdf folded before Flop
Seat 2: 1fdd9523 folded on the Flop
Seat 3: ed43dc7a folded before Flop
Seat 4: 56bb711b won (5,700)
Seat 5: db29cb25 (button) folded before Flop
Seat 6: cb1ebeee (small blind) folded before Flop
Seat 7: Hero (big blind) folded before Flop
Seat 8: 7ab6276 folded before Flop


Poker Hand #TM5360873343: Tournament #249768082, Sunday Monster Stack $25 Hold'em No Limit - Level9(300/600) - 2025/12/21 23:35:36
Table '65' 8-max Seat #4 is the button
Seat 1: 98c24cdf (32,085 in chips)
Seat 2: 1fdd9523 (44,246 in chips)
Seat 3: ed43dc7a (46,584 in chips)
Seat 4: 56bb711b (20,006 in chips)
Seat 5: db29cb25 (37,801 in chips)
Seat 6: cb1ebeee (40,792 in chips)
Seat 7: Hero (30,300 in chips)
Seat 8: 7ab6276 (58,382 in chips)
ed43dc7a: posts the ante 75
56bb711b: posts the ante 75
cb1ebeee: posts the ante 75
Hero: posts the ante 75
98c24cdf: posts the ante 75
1fdd9523: posts the ante 75
7ab6276: posts the ante 75
db29cb25: posts the ante 75
db29cb25: posts small blind 300
cb1ebeee: posts big blind 600
*** HOLE CARDS ***
Dealt to 98c24cdf 
Dealt to 1fdd9523 
Dealt to ed43dc7a 
Dealt to 56bb711b 
Dealt to db29cb25 
Dealt to cb1ebeee 
Dealt to Hero [Th 8h]
Dealt to 7ab6276 
Hero: folds
7ab6276: folds
98c24cdf: folds
1fdd9523: calls 600
ed43dc7a: folds
56bb711b: folds
db29cb25: folds
cb1ebeee: checks
*** FLOP *** [4h 3d 3s]
cb1ebeee: checks
1fdd9523: bets 693
cb1ebeee: folds
Uncalled bet (693) returned to 1fdd9523
*** SHOWDOWN ***
1fdd9523 collected 2,100 from pot
*** SUMMARY ***
Total pot 2,100 | Rake 0 | Jackpot 0 | Bingo 0 | Fortune 0 | Tax 0
Board [4h 3d 3s]
Seat 1: 98c24cdf folded before Flop
Seat 2: 1fdd9523 won (2,100)
Seat 3: ed43dc7a folded before Flop
Seat 4: 56bb711b (button) folded before Flop
Seat 5: db29cb25 (small blind) folded before Flop
Seat 6: cb1ebeee (big blind) folded on the Flop
Seat 7: Hero folded before Flop
Seat 8: 7ab6276 folded before Flop


Poker Hand #TM5360873246: Tournament #249768082, Sunday Monster Stack $25 Hold'em No Limit - Level9(300/600) - 2025/12/21 23:34:29
Table '65' 8-max Seat #3 is the button
Seat 1: 98c24cdf (32,160 in chips)
Seat 2: 1fdd9523 (47,126 in chips)
Seat 3: ed43dc7a (46,659 in chips)
Seat 4: 56bb711b (20,381 in chips)
Seat 5: db29cb25 (39,136 in chips)
Seat 6: cb1ebeee (40,867 in chips)
Seat 7: Hero (30,375 in chips)
Seat 8: 7ab6276 (53,492 in chips)
ed43dc7a: posts the ante 75
cb1ebeee: posts the ante 75
56bb711b: posts the ante 75
Hero: posts the ante 75
98c24cdf: posts the ante 75
1fdd9523: posts the ante 75
7ab6276: posts the ante 75
db29cb25: posts the ante 75
56bb711b: posts small blind 300
db29cb25: posts big blind 600
*** HOLE CARDS ***
Dealt to 98c24cdf 
Dealt to 1fdd9523 
Dealt to ed43dc7a 
Dealt to 56bb711b 
Dealt to db29cb25 
Dealt to cb1ebeee 
Dealt to Hero [6h 7d]
Dealt to 7ab6276 
cb1ebeee: folds
Hero: folds
7ab6276: raises 660 to 1,260
98c24cdf: folds
1fdd9523: calls 1,260
ed43dc7a: folds
56bb711b: folds
db29cb25: calls 660
*** FLOP *** [5d Kd 3h]
db29cb25: checks
7ab6276: bets 1,545
1fdd9523: calls 1,545
db29cb25: folds
*** TURN *** [5d Kd 3h] [9h]
7ab6276: checks
1fdd9523: checks
*** RIVER *** [5d Kd 3h 9h] [5h]
7ab6276: bets 2,700
1fdd9523: folds
Uncalled bet (2,700) returned to 7ab6276
*** SHOWDOWN ***
7ab6276 collected 7,770 from pot
*** SUMMARY ***
Total pot 7,770 | Rake 0 | Jackpot 0 | Bingo 0 | Fortune 0 | Tax 0
Board [5d Kd 3h 9h 5h]
Seat 1: 98c24cdf folded before Flop
Seat 2: 1fdd9523 folded on the River
Seat 3: ed43dc7a (button) folded before Flop
Seat 4: 56bb711b (small blind) folded before Flop
Seat 5: db29cb25 (big blind) folded on the Flop
Seat 6: cb1ebeee folded before Flop
Seat 7: Hero folded before Flop
Seat 8: 7ab6276 won (7,770)


Poker Hand #TM5360873132: Tournament #249768082, Sunday Monster Stack $25 Hold'em No Limit - Level8(250/500) - 2025/12/21 23:33:02
Table '65' 8-max Seat #2 is the button
Seat 1: 98c24cdf (32,220 in chips)
Seat 2: 1fdd9523 (47,186 in chips)
Seat 3: ed43dc7a (46,969 in chips)
Seat 4: 56bb711b (21,591 in chips)
Seat 5: db29cb25 (39,196 in chips)
Seat 6: cb1ebeee (40,927 in chips)
Seat 7: Hero (30,435 in chips)
Seat 8: 7ab6276 (51,672 in chips)
ed43dc7a: posts the ante 60
cb1ebeee: posts the ante 60
56bb711b: posts the ante 60
Hero: posts the ante 60
98c24cdf: posts the ante 60
1fdd9523: posts the ante 60
7ab6276: posts the ante 60
db29cb25: posts the ante 60
ed43dc7a: posts small blind 250
56bb711b: posts big blind 500
*** HOLE CARDS ***
Dealt to 98c24cdf 
Dealt to 1fdd9523 
Dealt to ed43dc7a 
Dealt to 56bb711b 
Dealt to db29cb25 
Dealt to cb1ebeee 
Dealt to Hero [8h 3s]
Dealt to 7ab6276 
db29cb25: folds
cb1ebeee: folds
Hero: folds
7ab6276: raises 650 to 1,150
98c24cdf: folds
1fdd9523: folds
ed43dc7a: folds
56bb711b: calls 650
*** FLOP *** [2d 6h 7h]
56bb711b: checks
7ab6276: checks
*** TURN *** [2d 6h 7h] [Ad]
56bb711b: checks
7ab6276: bets 1,500
56bb711b: folds
Uncalled bet (1,500) returned to 7ab6276
*** SHOWDOWN ***
7ab6276 collected 3,030 from pot
*** SUMMARY ***
Total pot 3,030 | Rake 0 | Jackpot 0 | Bingo 0 | Fortune 0 | Tax 0
Board [2d 6h 7h Ad]
Seat 1: 98c24cdf folded before Flop
Seat 2: 1fdd9523 (button) folded before Flop
Seat 3: ed43dc7a (small blind) folded before Flop
Seat 4: 56bb711b (big blind) folded on the Turn
Seat 5: db29cb25 folded before Flop
Seat 6: cb1ebeee folded before Flop
Seat 7: Hero folded before Flop
Seat 8: 7ab6276 won (3,030)


Poker Hand #TM5360873041: Tournament #249768082, Sunday Monster Stack $25 Hold'em No Limit - Level8(250/500) - 2025/12/21 23:32:01
Table '65' 8-max Seat #1 is the button
Seat 1: 98c24cdf (32,280 in chips)
Seat 2: 1fdd9523 (48,246 in chips)
Seat 3: ed43dc7a (48,029 in chips)
Seat 4: 56bb711b (21,651 in chips)
Seat 5: db29cb25 (40,256 in chips)
Seat 6: cb1ebeee (40,987 in chips)
Seat 7: Hero (30,495 in chips)
Seat 8: 7ab6276 (48,252 in chips)
ed43dc7a: posts the ante 60
cb1ebeee: posts the ante 60
56bb711b: posts the ante 60
Hero: posts the ante 60
98c24cdf: posts the ante 60
7ab6276: posts the ante 60
db29cb25: posts the ante 60
1fdd9523: posts the ante 60
1fdd9523: posts small blind 250
ed43dc7a: posts big blind 500
*** HOLE CARDS ***
Dealt to 98c24cdf 
Dealt to 1fdd9523 
Dealt to ed43dc7a 
Dealt to 56bb711b 
Dealt to db29cb25 
Dealt to cb1ebeee 
Dealt to Hero [6c 5d]
Dealt to 7ab6276 
56bb711b: folds
db29cb25: raises 500 to 1,000
cb1ebeee: folds
Hero: folds
7ab6276: calls 1,000
98c24cdf: folds
1fdd9523: calls 750
ed43dc7a: calls 500
*** FLOP *** [Ad Js 3d]
1fdd9523: checks
ed43dc7a: checks
db29cb25: checks
7ab6276: bets 1,479
1fdd9523: folds
ed43dc7a: folds
db29cb25: folds
Uncalled bet (1,479) returned to 7ab6276
*** SHOWDOWN ***
7ab6276 collected 4,480 from pot
*** SUMMARY ***
Total pot 4,480 | Rake 0 | Jackpot 0 | Bingo 0 | Fortune 0 | Tax 0
Board [Ad Js 3d]
Seat 1: 98c24cdf (button) folded before Flop
Seat 2: 1fdd9523 (small blind) folded on the Flop
Seat 3: ed43dc7a (big blind) folded on the Flop
Seat 4: 56bb711b folded before Flop
Seat 5: db29cb25 folded on the Flop
Seat 6: cb1ebeee folded before Flop
Seat 7: Hero folded before Flop
Seat 8: 7ab6276 won (4,480)


Poker Hand #TM5360872877: Tournament #249768082, Sunday Monster Stack $25 Hold'em No Limit - Level8(250/500) - 2025/12/21 23:30:02
Table '65' 8-max Seat #8 is the button
Seat 1: 98c24cdf (32,590 in chips)
Seat 2: 1fdd9523 (63,996 in chips)
Seat 3: ed43dc7a (48,089 in chips)
Seat 4: 56bb711b (21,711 in chips)
Seat 5: db29cb25 (40,316 in chips)
Seat 6: cb1ebeee (41,047 in chips)
Seat 7: Hero (32,786 in chips)
Seat 8: 7ab6276 (29,661 in chips)
ed43dc7a: posts the ante 60
cb1ebeee: posts the ante 60
56bb711b: posts the ante 60
Hero: posts the ante 60
98c24cdf: posts the ante 60
7ab6276: posts the ante 60
db29cb25: posts the ante 60
1fdd9523: posts the ante 60
98c24cdf: posts small blind 250
1fdd9523: posts big blind 500
*** HOLE CARDS ***
Dealt to 98c24cdf 
Dealt to 1fdd9523 
Dealt to ed43dc7a 
Dealt to 56bb711b 
Dealt to db29cb25 
Dealt to cb1ebeee 
Dealt to Hero [8d 8s]
Dealt to 7ab6276 
ed43dc7a: folds
56bb711b: folds
db29cb25: folds
cb1ebeee: folds
Hero: raises 500 to 1,000
7ab6276: calls 1,000
98c24cdf: folds
1fdd9523: calls 500
*** FLOP *** [2d 2h Qd]
1fdd9523: bets 1,231
Hero: calls 1,231
7ab6276: raises 2,519 to 3,750
1fdd9523: calls 2,519
Hero: folds
*** TURN *** [2d 2h Qd] [5h]
1fdd9523: bets 4,113
7ab6276: calls 4,113
*** RIVER *** [2d 2h Qd 5h] [Ah]
1fdd9523: bets 6,827
7ab6276: calls 6,827
1fdd9523: shows [Ks Kc] (two pair, Kings and Twos)
7ab6276: shows [Ac Qs] (two pair, Aces and Queens)
*** SHOWDOWN ***
7ab6276 collected 34,341 from pot
*** SUMMARY ***
Total pot 34,341 | Rake 0 | Jackpot 0 | Bingo 0 | Fortune 0 | Tax 0
Board [2d 2h Qd 5h Ah]
Seat 1: 98c24cdf (small blind) folded before Flop
Seat 2: 1fdd9523 (big blind) showed [Ks Kc] and lost with two pair, Kings and Twos
Seat 3: ed43dc7a folded before Flop
Seat 4: 56bb711b folded before Flop
Seat 5: db29cb25 folded before Flop
Seat 6: cb1ebeee folded before Flop
Seat 7: Hero folded on the Flop
Seat 8: 7ab6276 (button) showed [Ac Qs] and won (34,341) with two pair, Aces and Queens


Poker Hand #TM5360872837: Tournament #249768082, Sunday Monster Stack $25 Hold'em No Limit - Level8(250/500) - 2025/12/21 23:29:37
Table '65' 8-max Seat #7 is the button
Seat 1: 98c24cdf (33,150 in chips)
Seat 2: 1fdd9523 (64,056 in chips)
Seat 3: ed43dc7a (46,919 in chips)
Seat 4: 56bb711b (21,771 in chips)
Seat 5: db29cb25 (40,376 in chips)
Seat 6: cb1ebeee (41,107 in chips)
Seat 7: Hero (32,846 in chips)
Seat 8: 7ab6276 (29,971 in chips)
ed43dc7a: posts the ante 60
cb1ebeee: posts the ante 60
56bb711b: posts the ante 60
Hero: posts the ante 60
98c24cdf: posts the ante 60
db29cb25: posts the ante 60
1fdd9523: posts the ante 60
7ab6276: posts the ante 60
7ab6276: posts small blind 250
98c24cdf: posts big blind 500
*** HOLE CARDS ***
Dealt to 98c24cdf 
Dealt to 1fdd9523 
Dealt to ed43dc7a 
Dealt to 56bb711b 
Dealt to db29cb25 
Dealt to cb1ebeee 
Dealt to Hero [8c 2s]
Dealt to 7ab6276 
1fdd9523: folds
ed43dc7a: raises 700 to 1,200
56bb711b: folds
db29cb25: folds
cb1ebeee: folds
Hero: folds
7ab6276: folds
98c24cdf: folds
Uncalled bet (700) returned to ed43dc7a
*** SHOWDOWN ***
ed43dc7a collected 1,730 from pot
*** SUMMARY ***
Total pot 1,730 | Rake 0 | Jackpot 0 | Bingo 0 | Fortune 0 | Tax 0
Seat 1: 98c24cdf (big blind) folded before Flop
Seat 2: 1fdd9523 folded before Flop
Seat 3: ed43dc7a collected (1,730)
Seat 4: 56bb711b folded before Flop
Seat 5: db29cb25 folded before Flop
Seat 6: cb1ebeee folded before Flop
Seat 7: Hero (button) folded before Flop
Seat 8: 7ab6276 (small blind) folded before Flop


Poker Hand #TM5360872774: Tournament #249768082, Sunday Monster Stack $25 Hold'em No Limit - Level8(250/500) - 2025/12/21 23:28:56
Table '65' 8-max Seat #6 is the button
Seat 1: 98c24cdf (33,210 in chips)
Seat 2: 1fdd9523 (64,116 in chips)
Seat 3: ed43dc7a (46,979 in chips)
Seat 4: 56bb711b (21,831 in chips)
Seat 5: db29cb25 (40,436 in chips)
Seat 6: cb1ebeee (42,167 in chips)
Seat 7: Hero (33,906 in chips)
Seat 8: 7ab6276 (27,551 in chips)
ed43dc7a: posts the ante 60
cb1ebeee: posts the ante 60
56bb711b: posts the ante 60
Hero: posts the ante 60
98c24cdf: posts the ante 60
db29cb25: posts the ante 60
1fdd9523: posts the ante 60
7ab6276: posts the ante 60
Hero: posts small blind 250
7ab6276: posts big blind 500
*** HOLE CARDS ***
Dealt to 98c24cdf 
Dealt to 1fdd9523 
Dealt to ed43dc7a 
Dealt to 56bb711b 
Dealt to db29cb25 
Dealt to cb1ebeee 
Dealt to Hero [4c 6c]
Dealt to 7ab6276 
98c24cdf: folds
1fdd9523: folds
ed43dc7a: folds
56bb711b: folds
db29cb25: folds
cb1ebeee: raises 500 to 1,000
Hero: calls 750
7ab6276: raises 3,750 to 4,750
cb1ebeee: folds
Hero: folds
Uncalled bet (3,750) returned to 7ab6276
*** SHOWDOWN ***
7ab6276 collected 3,480 from pot
*** SUMMARY ***
Total pot 3,480 | Rake 0 | Jackpot 0 | Bingo 0 | Fortune 0 | Tax 0
Seat 1: 98c24cdf folded before Flop
Seat 2: 1fdd9523 folded before Flop
Seat 3: ed43dc7a folded before Flop
Seat 4: 56bb711b folded before Flop
Seat 5: db29cb25 folded before Flop
Seat 6: cb1ebeee (button) folded before Flop
Seat 7: Hero (small blind) folded before Flop
Seat 8: 7ab6276 (big blind) collected (3,480)


Poker Hand #TM5360872689: Tournament #249768082, Sunday Monster Stack $25 Hold'em No Limit - Level8(250/500) - 2025/12/21 23:27:55
Table '65' 8-max Seat #5 is the button
Seat 1: 98c24cdf (33,270 in chips)
Seat 2: 1fdd9523 (60,797 in chips)
Seat 3: ed43dc7a (47,039 in chips)
Seat 4: 56bb711b (21,891 in chips)
Seat 5: db29cb25 (40,496 in chips)
Seat 6: cb1ebeee (42,477 in chips)
Seat 7: Hero (34,466 in chips)
Seat 8: 7ab6276 (29,760 in chips)
ed43dc7a: posts the ante 60
56bb711b: posts the ante 60
cb1ebeee: posts the ante 60
Hero: posts the ante 60
98c24cdf: posts the ante 60
db29cb25: posts the ante 60
1fdd9523: posts the ante 60
7ab6276: posts the ante 60
cb1ebeee: posts small blind 250
Hero: posts big blind 500
*** HOLE CARDS ***
Dealt to 98c24cdf 
Dealt to 1fdd9523 
Dealt to ed43dc7a 
Dealt to 56bb711b 
Dealt to db29cb25 
Dealt to cb1ebeee 
Dealt to Hero [6h 2h]
Dealt to 7ab6276 
7ab6276: raises 550 to 1,050
98c24cdf: folds
1fdd9523: calls 1,050
ed43dc7a: folds
56bb711b: folds
db29cb25: folds
cb1ebeee: folds
Hero: folds
*** FLOP *** [5h 8s 8h]
7ab6276: checks
1fdd9523: bets 1,099
7ab6276: calls 1,099
*** TURN *** [5h 8s 8h] [8c]
7ab6276: checks
1fdd9523: bets 1,825
7ab6276: folds
Uncalled bet (1,825) returned to 1fdd9523
*** SHOWDOWN ***
1fdd9523 collected 5,528 from pot
*** SUMMARY ***
Total pot 5,528 | Rake 0 | Jackpot 0 | Bingo 0 | Fortune 0 | Tax 0
Board [5h 8s 8h 8c]
Seat 1: 98c24cdf folded before Flop
Seat 2: 1fdd9523 won (5,528)
Seat 3: ed43dc7a folded before Flop
Seat 4: 56bb711b folded before Flop
Seat 5: db29cb25 (button) folded before Flop
Seat 6: cb1ebeee (small blind) folded before Flop
Seat 7: Hero (big blind) folded before Flop
Seat 8: 7ab6276 folded on the Turn


Poker Hand #TM5360872616: Tournament #249768082, Sunday Monster Stack $25 Hold'em No Limit - Level8(250/500) - 2025/12/21 23:27:08
Table '65' 8-max Seat #4 is the button
Seat 1: 98c24cdf (33,330 in chips)
Seat 2: 1fdd9523 (60,857 in chips)
Seat 3: ed43dc7a (47,099 in chips)
Seat 4: 56bb711b (22,951 in chips)
Seat 5: db29cb25 (40,806 in chips)
Seat 6: cb1ebeee (40,807 in chips)
Seat 7: Hero (34,526 in chips)
Seat 8: 7ab6276 (29,820 in chips)
ed43dc7a: posts the ante 60
56bb711b: posts the ante 60
cb1ebeee: posts the ante 60
Hero: posts the ante 60
98c24cdf: posts the ante 60
1fdd9523: posts the ante 60
7ab6276: posts the ante 60
db29cb25: posts the ante 60
db29cb25: posts small blind 250
cb1ebeee: posts big blind 500
*** HOLE CARDS ***
Dealt to 98c24cdf 
Dealt to 1fdd9523 
Dealt to ed43dc7a 
Dealt to 56bb711b 
Dealt to db29cb25 
Dealt to cb1ebeee 
Dealt to Hero [Ah 6s]
Dealt to 7ab6276 
Hero: folds
7ab6276: folds
98c24cdf: folds
1fdd9523: folds
ed43dc7a: folds
56bb711b: raises 500 to 1,000
db29cb25: folds
cb1ebeee: raises 3,000 to 4,000
56bb711b: folds
Uncalled bet (3,000) returned to cb1ebeee
*** SHOWDOWN ***
cb1ebeee collected 2,730 from pot
*** SUMMARY ***
Total pot 2,730 | Rake 0 | Jackpot 0 | Bingo 0 | Fortune 0 | Tax 0
Seat 1: 98c24cdf folded before Flop
Seat 2: 1fdd9523 folded before Flop
Seat 3: ed43dc7a folded before Flop
Seat 4: 56bb711b (button) folded before Flop
Seat 5: db29cb25 (small blind) folded before Flop
Seat 6: cb1ebeee (big blind) collected (2,730)
Seat 7: Hero folded before Flop
Seat 8: 7ab6276 folded before Flop


Poker Hand #TM5360872528: Tournament #249768082, Sunday Monster Stack $25 Hold'em No Limit - Level8(250/500) - 2025/12/21 23:26:05
Table '65' 8-max Seat #3 is the button
Seat 1: 98c24cdf (33,390 in chips)
Seat 2: 1fdd9523 (60,917 in chips)
Seat 3: ed43dc7a (47,159 in chips)
Seat 4: 56bb711b (23,261 in chips)
Seat 5: db29cb25 (43,316 in chips)
Seat 6: cb1ebeee (40,867 in chips)
Seat 7: Hero (31,406 in chips)
Seat 8: 7ab6276 (29,880 in chips)
ed43dc7a: posts the ante 60
cb1ebeee: posts the ante 60
56bb711b: posts the ante 60
Hero: posts the ante 60
98c24cdf: posts the ante 60
1fdd9523: posts the ante 60
7ab6276: posts the ante 60
db29cb25: posts the ante 60
56bb711b: posts small blind 250
db29cb25: posts big blind 500
*** HOLE CARDS ***
Dealt to 98c24cdf 
Dealt to 1fdd9523 
Dealt to ed43dc7a 
Dealt to 56bb711b 
Dealt to db29cb25 
Dealt to cb1ebeee 
Dealt to Hero [Th Ts]
Dealt to 7ab6276 
cb1ebeee: folds
Hero: raises 500 to 1,000
7ab6276: folds
98c24cdf: folds
1fdd9523: folds
ed43dc7a: folds
56bb711b: folds
db29cb25: calls 500
*** FLOP *** [Qh 5d 7s]
db29cb25: checks
Hero: bets 950
db29cb25: calls 950
*** TURN *** [Qh 5d 7s] [2c]
db29cb25: checks
Hero: checks
*** RIVER *** [Qh 5d 7s 2c] [2d]
db29cb25: bets 500
Hero: calls 500
db29cb25: shows [7h 9s] (two pair, Sevens and Twos)
Hero: shows [Th Ts] (two pair, Tens and Twos)
*** SHOWDOWN ***
Hero collected 5,630 from pot
*** SUMMARY ***
Total pot 5,630 | Rake 0 | Jackpot 0 | Bingo 0 | Fortune 0 | Tax 0
Board [Qh 5d 7s 2c 2d]
Seat 1: 98c24cdf folded before Flop
Seat 2: 1fdd9523 folded before Flop
Seat 3: ed43dc7a (button) folded before Flop
Seat 4: 56bb711b (small blind) folded before Flop
Seat 5: db29cb25 (big blind) showed [7h 9s] and lost with two pair, Sevens and Twos
Seat 6: cb1ebeee folded before Flop
Seat 7: Hero showed [Th Ts] and won (5,630) with two pair, Tens and Twos
Seat 8: 7ab6276 folded before Flop


Poker Hand #TM5360872431: Tournament #249768082, Sunday Monster Stack $25 Hold'em No Limit - Level8(250/500) - 2025/12/21 23:24:58
Table '65' 8-max Seat #2 is the button
Seat 1: 98c24cdf (34,450 in chips)
Seat 2: 1fdd9523 (61,977 in chips)
Seat 3: ed43dc7a (48,219 in chips)
Seat 4: 56bb711b (24,321 in chips)
Seat 5: db29cb25 (38,896 in chips)
Seat 6: cb1ebeee (40,927 in chips)
Seat 7: Hero (31,466 in chips)
Seat 8: 7ab6276 (29,940 in chips)
ed43dc7a: posts the ante 60
cb1ebeee: posts the ante 60
56bb711b: posts the ante 60
Hero: posts the ante 60
98c24cdf: posts the ante 60
1fdd9523: posts the ante 60
7ab6276: posts the ante 60
db29cb25: posts the ante 60
ed43dc7a: posts small blind 250
56bb711b: posts big blind 500
*** HOLE CARDS ***
Dealt to 98c24cdf 
Dealt to 1fdd9523 
Dealt to ed43dc7a 
Dealt to 56bb711b 
Dealt to db29cb25 
Dealt to cb1ebeee 
Dealt to Hero [5d Jh]
Dealt to 7ab6276 
db29cb25: raises 500 to 1,000
cb1ebeee: folds
Hero: folds
7ab6276: folds
98c24cdf: calls 1,000
1fdd9523: calls 1,000
ed43dc7a: calls 750
56bb711b: calls 500
*** FLOP *** [Kc 3d As]
ed43dc7a: checks
56bb711b: checks
db29cb25: bets 1,370
98c24cdf: folds
1fdd9523: folds
ed43dc7a: folds
56bb711b: folds
Uncalled bet (1,370) returned to db29cb25
*** SHOWDOWN ***
db29cb25 collected 5,480 from pot
*** SUMMARY ***
Total pot 5,480 | Rake 0 | Jackpot 0 | Bingo 0 | Fortune 0 | Tax 0
Board [Kc 3d As]
Seat 1: 98c24cdf folded on the Flop
Seat 2: 1fdd9523 (button) folded on the Flop
Seat 3: ed43dc7a (small blind) folded on the Flop
Seat 4: 56bb711b (big blind) folded on the Flop
Seat 5: db29cb25 won (5,480)
Seat 6: cb1ebeee folded before Flop
Seat 7: Hero folded before Flop
Seat 8: 7ab6276 folded before Flop


Poker Hand #TM5360872363: Tournament #249768082, Sunday Monster Stack $25 Hold'em No Limit - Level8(250/500) - 2025/12/21 23:24:05
Table '65' 8-max Seat #1 is the button
Seat 1: 98c24cdf (34,510 in chips)
Seat 2: 1fdd9523 (62,287 in chips)
Seat 3: ed43dc7a (49,279 in chips)
Seat 4: 56bb711b (22,651 in chips)
Seat 5: db29cb25 (38,956 in chips)
Seat 6: cb1ebeee (40,987 in chips)
Seat 7: Hero (31,526 in chips)
Seat 8: 7ab6276 (30,000 in chips)
ed43dc7a: posts the ante 60
cb1ebeee: posts the ante 60
56bb711b: posts the ante 60
Hero: posts the ante 60
98c24cdf: posts the ante 60
7ab6276: posts the ante 60
db29cb25: posts the ante 60
1fdd9523: posts the ante 60
1fdd9523: posts small blind 250
ed43dc7a: posts big blind 500
*** HOLE CARDS ***
Dealt to 98c24cdf 
Dealt to 1fdd9523 
Dealt to ed43dc7a 
Dealt to 56bb711b 
Dealt to db29cb25 
Dealt to cb1ebeee 
Dealt to Hero [5c As]
Dealt to 7ab6276 
56bb711b: raises 500 to 1,000
db29cb25: folds
cb1ebeee: folds
Hero: folds
7ab6276: folds
98c24cdf: folds
1fdd9523: folds
ed43dc7a: calls 500
*** FLOP *** [8h 4s 9s]
ed43dc7a: checks
56bb711b: bets 2,048
ed43dc7a: folds
Uncalled bet (2,048) returned to 56bb711b
*** SHOWDOWN ***
56bb711b collected 2,730 from pot
*** SUMMARY ***
Total pot 2,730 | Rake 0 | Jackpot 0 | Bingo 0 | Fortune 0 | Tax 0
Board [8h 4s 9s]
Seat 1: 98c24cdf (button) folded before Flop
Seat 2: 1fdd9523 (small blind) folded before Flop
Seat 3: ed43dc7a (big blind) folded on the Flop
Seat 4: 56bb711b won (2,730)
Seat 5: db29cb25 folded before Flop
Seat 6: cb1ebeee folded before Flop
Seat 7: Hero folded before Flop
Seat 8: 7ab6276 folded before Flop


Poker Hand #TM5360872288: Tournament #249768082, Sunday Monster Stack $25 Hold'em No Limit - Level7(200/400) - 2025/12/21 23:23:15
Table '65' 8-max Seat #7 is the button
Seat 1: 98c24cdf (34,760 in chips)
Seat 2: 1fdd9523 (63,137 in chips)
Seat 3: ed43dc7a (49,329 in chips)
Seat 4: 56bb711b (21,351 in chips)
Seat 5: db29cb25 (39,006 in chips)
Seat 6: cb1ebeee (41,037 in chips)
Seat 7: Hero (31,576 in chips)
ed43dc7a: posts the ante 50
cb1ebeee: posts the ante 50
56bb711b: posts the ante 50
Hero: posts the ante 50
98c24cdf: posts the ante 50
db29cb25: posts the ante 50
1fdd9523: posts the ante 50
98c24cdf: posts small blind 200
1fdd9523: posts big blind 400
*** HOLE CARDS ***
Dealt to 98c24cdf 
Dealt to 1fdd9523 
Dealt to ed43dc7a 
Dealt to 56bb711b 
Dealt to db29cb25 
Dealt to cb1ebeee 
Dealt to Hero [5s Ac]
ed43dc7a: folds
56bb711b: raises 400 to 800
db29cb25: folds
cb1ebeee: folds
Hero: folds
98c24cdf: folds
1fdd9523: calls 400
*** FLOP *** [Td 5h 7s]
1fdd9523: checks
56bb711b: bets 1,613
1fdd9523: folds
Uncalled bet (1,613) returned to 56bb711b
*** SHOWDOWN ***
56bb711b collected 2,150 from pot
*** SUMMARY ***
Total pot 2,150 | Rake 0 | Jackpot 0 | Bingo 0 | Fortune 0 | Tax 0
Board [Td 5h 7s]
Seat 1: 98c24cdf (small blind) folded before Flop
Seat 2: 1fdd9523 (big blind) folded on the Flop
Seat 3: ed43dc7a folded before Flop
Seat 4: 56bb711b won (2,150)
Seat 5: db29cb25 folded before Flop
Seat 6: cb1ebeee folded before Flop
Seat 7: Hero (button) folded before Flop


Poker Hand #TM5360872160: Tournament #249768082, Sunday Monster Stack $25 Hold'em No Limit - Level7(200/400) - 2025/12/21 23:21:47
Table '65' 8-max Seat #6 is the button
Seat 1: 98c24cdf (34,810 in chips)
Seat 2: 1fdd9523 (36,827 in chips)
Seat 3: ed43dc7a (49,379 in chips)
Seat 4: 56bb711b (22,801 in chips)
Seat 5: db29cb25 (39,056 in chips)
Seat 6: cb1ebeee (41,087 in chips)
Seat 7: Hero (31,826 in chips)
Seat 8: a720dd20 (24,410 in chips)
ed43dc7a: posts the ante 50
a720dd20: posts the ante 50
cb1ebeee: posts the ante 50
56bb711b: posts the ante 50
Hero: posts the ante 50
98c24cdf: posts the ante 50
db29cb25: posts the ante 50
1fdd9523: posts the ante 50
Hero: posts small blind 200
a720dd20: posts big blind 400
*** HOLE CARDS ***
Dealt to 98c24cdf 
Dealt to 1fdd9523 
Dealt to ed43dc7a 
Dealt to 56bb711b 
Dealt to db29cb25 
Dealt to cb1ebeee 
Dealt to Hero [9h Jd]
Dealt to a720dd20 
98c24cdf: folds
1fdd9523: calls 400
ed43dc7a: folds
56bb711b: raises 1,000 to 1,400
db29cb25: folds
cb1ebeee: folds
Hero: folds
a720dd20: raises 2,850 to 4,250
1fdd9523: calls 3,850
56bb711b: folds
*** FLOP *** [7h 5h 7c]
a720dd20: checks
1fdd9523: bets 3,465
a720dd20: calls 3,465
*** TURN *** [7h 5h 7c] [5c]
a720dd20: checks
1fdd9523: bets 5,752
a720dd20: raises 10,893 to 16,645 and is all-in
1fdd9523: calls 10,893
a720dd20: shows [Ac Qc] (two pair, Sevens and Fives)
1fdd9523: shows [9c 9d] (two pair, Nines and Sevens)
*** RIVER *** [7h 5h 7c 5c] [6h]
*** SHOWDOWN ***
1fdd9523 collected 50,720 from pot
*** SUMMARY ***
Total pot 50,720 | Rake 0 | Jackpot 0 | Bingo 0 | Fortune 0 | Tax 0
Board [7h 5h 7c 5c 6h]
Seat 1: 98c24cdf folded before Flop
Seat 2: 1fdd9523 showed [9c 9d] and won (50,720) with two pair, Nines and Sevens
Seat 3: ed43dc7a folded before Flop
Seat 4: 56bb711b folded before Flop
Seat 5: db29cb25 folded before Flop
Seat 6: cb1ebeee (button) folded before Flop
Seat 7: Hero (small blind) folded before Flop
Seat 8: a720dd20 (big blind) showed [Ac Qc] and lost with two pair, Sevens and Fives


Poker Hand #TM5360872117: Tournament #249768082, Sunday Monster Stack $25 Hold'em No Limit - Level7(200/400) - 2025/12/21 23:21:15
Table '65' 8-max Seat #5 is the button
Seat 1: 98c24cdf (34,860 in chips)
Seat 2: 1fdd9523 (36,877 in chips)
Seat 3: ed43dc7a (49,429 in chips)
Seat 4: 56bb711b (22,851 in chips)
Seat 5: db29cb25 (38,106 in chips)
Seat 6: cb1ebeee (41,337 in chips)
Seat 7: Hero (32,276 in chips)
Seat 8: a720dd20 (24,460 in chips)
ed43dc7a: posts the ante 50
a720dd20: posts the ante 50
56bb711b: posts the ante 50
cb1ebeee: posts the ante 50
Hero: posts the ante 50
98c24cdf: posts the ante 50
db29cb25: posts the ante 50
1fdd9523: posts the ante 50
cb1ebeee: posts small blind 200
Hero: posts big blind 400
*** HOLE CARDS ***
Dealt to 98c24cdf 
Dealt to 1fdd9523 
Dealt to ed43dc7a 
Dealt to 56bb711b 
Dealt to db29cb25 
Dealt to cb1ebeee 
Dealt to Hero [Ah 3d]
Dealt to a720dd20 
a720dd20: folds
98c24cdf: folds
1fdd9523: folds
ed43dc7a: folds
56bb711b: folds
db29cb25: raises 400 to 800
cb1ebeee: folds
Hero: folds
Uncalled bet (400) returned to db29cb25
*** SHOWDOWN ***
db29cb25 collected 1,400 from pot
*** SUMMARY ***
Total pot 1,400 | Rake 0 | Jackpot 0 | Bingo 0 | Fortune 0 | Tax 0
Seat 1: 98c24cdf folded before Flop
Seat 2: 1fdd9523 folded before Flop
Seat 3: ed43dc7a folded before Flop
Seat 4: 56bb711b folded before Flop
Seat 5: db29cb25 (button) collected (1,400)
Seat 6: cb1ebeee (small blind) folded before Flop
Seat 7: Hero (big blind) folded before Flop
Seat 8: a720dd20 folded before Flop


Poker Hand #TM5360872041: Tournament #249768082, Sunday Monster Stack $25 Hold'em No Limit - Level7(200/400) - 2025/12/21 23:20:25
Table '65' 8-max Seat #4 is the button
Seat 1: 98c24cdf (34,910 in chips)
Seat 2: 1fdd9523 (37,727 in chips)
Seat 3: ed43dc7a (49,479 in chips)
Seat 4: 56bb711b (22,901 in chips)
Seat 5: db29cb25 (35,756 in chips)
Seat 6: cb1ebeee (41,787 in chips)
Seat 7: Hero (33,126 in chips)
Seat 8: a720dd20 (24,510 in chips)
ed43dc7a: posts the ante 50
a720dd20: posts the ante 50
56bb711b: posts the ante 50
cb1ebeee: posts the ante 50
Hero: posts the ante 50
98c24cdf: posts the ante 50
1fdd9523: posts the ante 50
db29cb25: posts the ante 50
db29cb25: posts small blind 200
cb1ebeee: posts big blind 400
*** HOLE CARDS ***
Dealt to 98c24cdf 
Dealt to 1fdd9523 
Dealt to ed43dc7a 
Dealt to 56bb711b 
Dealt to db29cb25 
Dealt to cb1ebeee 
Dealt to Hero [Jd Td]
Dealt to a720dd20 
Hero: raises 400 to 800
a720dd20: folds
98c24cdf: folds
1fdd9523: calls 800
ed43dc7a: folds
56bb711b: folds
db29cb25: raises 34,906 to 35,706 and is all-in
cb1ebeee: folds
Hero: folds
1fdd9523: folds
Uncalled bet (34,906) returned to db29cb25
*** SHOWDOWN ***
db29cb25 collected 3,200 from pot
*** SUMMARY ***
Total pot 3,200 | Rake 0 | Jackpot 0 | Bingo 0 | Fortune 0 | Tax 0
Seat 1: 98c24cdf folded before Flop
Seat 2: 1fdd9523 folded before Flop
Seat 3: ed43dc7a folded before Flop
Seat 4: 56bb711b (button) folded before Flop
Seat 5: db29cb25 (small blind) collected (3,200)
Seat 6: cb1ebeee (big blind) folded before Flop
Seat 7: Hero folded before Flop
Seat 8: a720dd20 folded before Flop


Poker Hand #TM5360871992: Tournament #249768082, Sunday Monster Stack $25 Hold'em No Limit - Level7(200/400) - 2025/12/21 23:19:52
Table '65' 8-max Seat #3 is the button
Seat 1: 98c24cdf (34,960 in chips)
Seat 2: 1fdd9523 (37,777 in chips)
Seat 3: ed43dc7a (48,529 in chips)
Seat 4: 56bb711b (23,151 in chips)
Seat 5: db29cb25 (36,206 in chips)
Seat 6: cb1ebeee (41,837 in chips)
Seat 7: Hero (33,176 in chips)
Seat 8: a720dd20 (24,560 in chips)
ed43dc7a: posts the ante 50
a720dd20: posts the ante 50
cb1ebeee: posts the ante 50
56bb711b: posts the ante 50
Hero: posts the ante 50
98c24cdf: posts the ante 50
1fdd9523: posts the ante 50
db29cb25: posts the ante 50
56bb711b: posts small blind 200
db29cb25: posts big blind 400
*** HOLE CARDS ***
Dealt to 98c24cdf 
Dealt to 1fdd9523 
Dealt to ed43dc7a 
Dealt to 56bb711b 
Dealt to db29cb25 
Dealt to cb1ebeee 
Dealt to Hero [6c As]
Dealt to a720dd20 
cb1ebeee: folds
Hero: folds
a720dd20: folds
98c24cdf: folds
1fdd9523: folds
ed43dc7a: raises 560 to 960
56bb711b: folds
db29cb25: folds
Uncalled bet (560) returned to ed43dc7a
*** SHOWDOWN ***
ed43dc7a collected 1,400 from pot
*** SUMMARY ***
Total pot 1,400 | Rake 0 | Jackpot 0 | Bingo 0 | Fortune 0 | Tax 0
Seat 1: 98c24cdf folded before Flop
Seat 2: 1fdd9523 folded before Flop
Seat 3: ed43dc7a (button) collected (1,400)
Seat 4: 56bb711b (small blind) folded before Flop
Seat 5: db29cb25 (big blind) folded before Flop
Seat 6: cb1ebeee folded before Flop
Seat 7: Hero folded before Flop
Seat 8: a720dd20 folded before Flop


Poker Hand #TM5360871904: Tournament #249768082, Sunday Monster Stack $25 Hold'em No Limit - Level7(200/400) - 2025/12/21 23:18:53
Table '65' 8-max Seat #2 is the button
Seat 1: 98c24cdf (35,010 in chips)
Seat 2: 1fdd9523 (37,827 in chips)
Seat 3: ed43dc7a (48,779 in chips)
Seat 4: 56bb711b (24,730 in chips)
Seat 5: db29cb25 (36,256 in chips)
Seat 6: cb1ebeee (39,758 in chips)
Seat 7: Hero (33,226 in chips)
Seat 8: a720dd20 (24,610 in chips)
ed43dc7a: posts the ante 50
a720dd20: posts the ante 50
cb1ebeee: posts the ante 50
56bb711b: posts the ante 50
Hero: posts the ante 50
98c24cdf: posts the ante 50
1fdd9523: posts the ante 50
db29cb25: posts the ante 50
ed43dc7a: posts small blind 200
56bb711b: posts big blind 400
*** HOLE CARDS ***
Dealt to 98c24cdf 
Dealt to 1fdd9523 
Dealt to ed43dc7a 
Dealt to 56bb711b 
Dealt to db29cb25 
Dealt to cb1ebeee 
Dealt to Hero [4d Qs]
Dealt to a720dd20 
db29cb25: folds
cb1ebeee: raises 519 to 919
Hero: folds
a720dd20: folds
98c24cdf: folds
1fdd9523: folds
ed43dc7a: folds
56bb711b: calls 519
*** FLOP *** [4c 3c Jh]
56bb711b: checks
cb1ebeee: bets 610
56bb711b: calls 610
*** TURN *** [4c 3c Jh] [3d]
56bb711b: checks
cb1ebeee: bets 2,744
56bb711b: folds
Uncalled bet (2,744) returned to cb1ebeee
*** SHOWDOWN ***
cb1ebeee collected 3,658 from pot
*** SUMMARY ***
Total pot 3,658 | Rake 0 | Jackpot 0 | Bingo 0 | Fortune 0 | Tax 0
Board [4c 3c Jh 3d]
Seat 1: 98c24cdf folded before Flop
Seat 2: 1fdd9523 (button) folded before Flop
Seat 3: ed43dc7a (small blind) folded before Flop
Seat 4: 56bb711b (big blind) folded on the Turn
Seat 5: db29cb25 folded before Flop
Seat 6: cb1ebeee won (3,658)
Seat 7: Hero folded before Flop
Seat 8: a720dd20 folded before Flop


Poker Hand #TM5360871770: Tournament #249768082, Sunday Monster Stack $25 Hold'em No Limit - Level7(200/400) - 2025/12/21 23:17:19
Table '65' 8-max Seat #1 is the button
Seat 1: 98c24cdf (35,060 in chips)
Seat 2: 1fdd9523 (42,638 in chips)
Seat 3: ed43dc7a (43,668 in chips)
Seat 4: 56bb711b (24,780 in chips)
Seat 5: db29cb25 (36,306 in chips)
Seat 6: cb1ebeee (39,808 in chips)
Seat 7: Hero (33,276 in chips)
Seat 8: a720dd20 (24,660 in chips)
ed43dc7a: posts the ante 50
a720dd20: posts the ante 50
cb1ebeee: posts the ante 50
56bb711b: posts the ante 50
Hero: posts the ante 50
98c24cdf: posts the ante 50
db29cb25: posts the ante 50
1fdd9523: posts the ante 50
1fdd9523: posts small blind 200
ed43dc7a: posts big blind 400
*** HOLE CARDS ***
Dealt to 98c24cdf 
Dealt to 1fdd9523 
Dealt to ed43dc7a 
Dealt to 56bb711b 
Dealt to db29cb25 
Dealt to cb1ebeee 
Dealt to Hero [Ts 3c]
Dealt to a720dd20 
56bb711b: folds
db29cb25: folds
cb1ebeee: folds
Hero: folds
a720dd20: folds
98c24cdf: folds
1fdd9523: calls 200
ed43dc7a: raises 800 to 1,200
1fdd9523: calls 800
*** FLOP *** [2h Th 3d]
1fdd9523: checks
ed43dc7a: bets 400
1fdd9523: calls 400
*** TURN *** [2h Th 3d] [Ah]
1fdd9523: bets 1,188
ed43dc7a: calls 1,188
*** RIVER *** [2h Th 3d Ah] [5s]
1fdd9523: bets 1,973
ed43dc7a: raises 3,973 to 5,946
1fdd9523: folds
Uncalled bet (3,973) returned to ed43dc7a
*** SHOWDOWN ***
ed43dc7a collected 9,922 from pot
*** SUMMARY ***
Total pot 9,922 | Rake 0 | Jackpot 0 | Bingo 0 | Fortune 0 | Tax 0
Board [2h Th 3d Ah 5s]
Seat 1: 98c24cdf (button) folded before Flop
Seat 2: 1fdd9523 (small blind) folded on the River
Seat 3: ed43dc7a (big blind) won (9,922)
Seat 4: 56bb711b folded before Flop
Seat 5: db29cb25 folded before Flop
Seat 6: cb1ebeee folded before Flop
Seat 7: Hero folded before Flop
Seat 8: a720dd20 folded before Flop


Poker Hand #TM5360871673: Tournament #249768082, Sunday Monster Stack $25 Hold'em No Limit - Level7(200/400) - 2025/12/21 23:16:13
Table '65' 8-max Seat #8 is the button
Seat 1: 98c24cdf (35,310 in chips)
Seat 2: 1fdd9523 (47,768 in chips)
Seat 3: ed43dc7a (38,038 in chips)
Seat 4: 56bb711b (24,830 in chips)
Seat 5: db29cb25 (36,356 in chips)
Seat 6: cb1ebeee (39,858 in chips)
Seat 7: Hero (33,326 in chips)
Seat 8: a720dd20 (24,710 in chips)
ed43dc7a: posts the ante 50
a720dd20: posts the ante 50
cb1ebeee: posts the ante 50
56bb711b: posts the ante 50
Hero: posts the ante 50
98c24cdf: posts the ante 50
db29cb25: posts the ante 50
1fdd9523: posts the ante 50
98c24cdf: posts small blind 200
1fdd9523: posts big blind 400
*** HOLE CARDS ***
Dealt to 98c24cdf 
Dealt to 1fdd9523 
Dealt to ed43dc7a 
Dealt to 56bb711b 
Dealt to db29cb25 
Dealt to cb1ebeee 
Dealt to Hero [5s 3c]
Dealt to a720dd20 
ed43dc7a: raises 560 to 960
56bb711b: folds
db29cb25: folds
cb1ebeee: folds
Hero: folds
a720dd20: folds
98c24cdf: folds
1fdd9523: calls 560
*** FLOP *** [Tc 7s 9h]
1fdd9523: checks
ed43dc7a: checks
*** TURN *** [Tc 7s 9h] [Kh]
1fdd9523: checks
ed43dc7a: checks
*** RIVER *** [Tc 7s 9h Kh] [Js]
1fdd9523: bets 1,260
ed43dc7a: raises 2,860 to 4,120
1fdd9523: calls 2,860
ed43dc7a: shows [Qc Ad] (a straight, Ace to Ten)
1fdd9523: shows [5d Jd] (a pair of Jacks)
*** SHOWDOWN ***
ed43dc7a collected 10,760 from pot
*** SUMMARY ***
Total pot 10,760 | Rake 0 | Jackpot 0 | Bingo 0 | Fortune 0 | Tax 0
Board [Tc 7s 9h Kh Js]
Seat 1: 98c24cdf (small blind) folded before Flop
Seat 2: 1fdd9523 (big blind) showed [5d Jd] and lost with a pair of Jacks
Seat 3: ed43dc7a showed [Qc Ad] and won (10,760) with a straight, Ace to Ten
Seat 4: 56bb711b folded before Flop
Seat 5: db29cb25 folded before Flop
Seat 6: cb1ebeee folded before Flop
Seat 7: Hero folded before Flop
Seat 8: a720dd20 (button) folded before Flop


Poker Hand #TM5360871544: Tournament #249768082, Sunday Monster Stack $25 Hold'em No Limit - Level7(200/400) - 2025/12/21 23:14:49
Table '65' 8-max Seat #7 is the button
Seat 1: 98c24cdf (37,616 in chips)
Seat 2: 1fdd9523 (44,762 in chips)
Seat 3: ed43dc7a (38,088 in chips)
Seat 4: 56bb711b (24,880 in chips)
Seat 5: db29cb25 (36,406 in chips)
Seat 6: cb1ebeee (39,908 in chips)
Seat 7: Hero (33,376 in chips)
Seat 8: a720dd20 (25,160 in chips)
ed43dc7a: posts the ante 50
a720dd20: posts the ante 50
cb1ebeee: posts the ante 50
56bb711b: posts the ante 50
Hero: posts the ante 50
98c24cdf: posts the ante 50
db29cb25: posts the ante 50
1fdd9523: posts the ante 50
a720dd20: posts small blind 200
98c24cdf: posts big blind 400
*** HOLE CARDS ***
Dealt to 98c24cdf 
Dealt to 1fdd9523 
Dealt to ed43dc7a 
Dealt to 56bb711b 
Dealt to db29cb25 
Dealt to cb1ebeee 
Dealt to Hero [6d 2d]
Dealt to a720dd20 
1fdd9523: calls 400
ed43dc7a: folds
56bb711b: folds
db29cb25: folds
cb1ebeee: folds
Hero: folds
a720dd20: calls 200
98c24cdf: checks
*** FLOP *** [5c 8c 9h]
a720dd20: checks
98c24cdf: checks
1fdd9523: bets 800
a720dd20: folds
98c24cdf: calls 800
*** TURN *** [5c 8c 9h] [As]
98c24cdf: checks
1fdd9523: bets 1,056
98c24cdf: calls 1,056
*** RIVER *** [5c 8c 9h As] [4d]
98c24cdf: checks
1fdd9523: bets 5,312
98c24cdf: folds
Uncalled bet (5,312) returned to 1fdd9523
*** SHOWDOWN ***
1fdd9523 collected 5,312 from pot
*** SUMMARY ***
Total pot 5,312 | Rake 0 | Jackpot 0 | Bingo 0 | Fortune 0 | Tax 0
Board [5c 8c 9h As 4d]
Seat 1: 98c24cdf (big blind) folded on the River
Seat 2: 1fdd9523 won (5,312)
Seat 3: ed43dc7a folded before Flop
Seat 4: 56bb711b folded before Flop
Seat 5: db29cb25 folded before Flop
Seat 6: cb1ebeee folded before Flop
Seat 7: Hero (button) folded before Flop
Seat 8: a720dd20 (small blind) folded on the Flop


Poker Hand #TM5360871454: Tournament #249768082, Sunday Monster Stack $25 Hold'em No Limit - Level7(200/400) - 2025/12/21 23:13:47
Table '65' 8-max Seat #6 is the button
Seat 1: 98c24cdf (37,666 in chips)
Seat 2: 1fdd9523 (44,812 in chips)
Seat 3: ed43dc7a (34,138 in chips)
Seat 4: 56bb711b (27,930 in chips)
Seat 5: db29cb25 (36,456 in chips)
Seat 6: cb1ebeee (39,958 in chips)
Seat 7: Hero (33,626 in chips)
Seat 8: a720dd20 (25,610 in chips)
ed43dc7a: posts the ante 50
a720dd20: posts the ante 50
cb1ebeee: posts the ante 50
56bb711b: posts the ante 50
Hero: posts the ante 50
98c24cdf: posts the ante 50
db29cb25: posts the ante 50
1fdd9523: posts the ante 50
Hero: posts small blind 200
a720dd20: posts big blind 400
*** HOLE CARDS ***
Dealt to 98c24cdf 
Dealt to 1fdd9523 
Dealt to ed43dc7a 
Dealt to 56bb711b 
Dealt to db29cb25 
Dealt to cb1ebeee 
Dealt to Hero [9s Th]
Dealt to a720dd20 
98c24cdf: folds
1fdd9523: folds
ed43dc7a: raises 560 to 960
56bb711b: raises 2,040 to 3,000
db29cb25: folds
cb1ebeee: folds
Hero: folds
a720dd20: folds
ed43dc7a: raises 31,088 to 34,088 and is all-in
56bb711b: folds
Uncalled bet (31,088) returned to ed43dc7a
*** SHOWDOWN ***
ed43dc7a collected 7,000 from pot
*** SUMMARY ***
Total pot 7,000 | Rake 0 | Jackpot 0 | Bingo 0 | Fortune 0 | Tax 0
Seat 1: 98c24cdf folded before Flop
Seat 2: 1fdd9523 folded before Flop
Seat 3: ed43dc7a collected (7,000)
Seat 4: 56bb711b folded before Flop
Seat 5: db29cb25 folded before Flop
Seat 6: cb1ebeee (button) folded before Flop
Seat 7: Hero (small blind) folded before Flop
Seat 8: a720dd20 (big blind) folded before Flop


Poker Hand #TM5360871366: Tournament #249768082, Sunday Monster Stack $25 Hold'em No Limit - Level6(150/300) - 2025/12/21 23:12:43
Table '65' 8-max Seat #5 is the button
Seat 1: 98c24cdf (37,701 in chips)
Seat 2: 1fdd9523 (44,847 in chips)
Seat 3: ed43dc7a (34,173 in chips)
Seat 4: 56bb711b (28,565 in chips)
Seat 5: db29cb25 (36,491 in chips)
Seat 6: cb1ebeee (40,143 in chips)
Seat 7: Hero (32,631 in chips)
Seat 8: a720dd20 (25,645 in chips)
ed43dc7a: posts the ante 35
a720dd20: posts the ante 35
56bb711b: posts the ante 35
cb1ebeee: posts the ante 35
Hero: posts the ante 35
98c24cdf: posts the ante 35
db29cb25: posts the ante 35
1fdd9523: posts the ante 35
cb1ebeee: posts small blind 150
Hero: posts big blind 300
*** HOLE CARDS ***
Dealt to 98c24cdf 
Dealt to 1fdd9523 
Dealt to ed43dc7a 
Dealt to 56bb711b 
Dealt to db29cb25 
Dealt to cb1ebeee 
Dealt to Hero [Ah 6c]
Dealt to a720dd20 
a720dd20: folds
98c24cdf: folds
1fdd9523: folds
ed43dc7a: folds
56bb711b: raises 300 to 600
db29cb25: folds
cb1ebeee: folds
Hero: calls 300
*** FLOP *** [9d 6s Kc]
Hero: checks
56bb711b: checks
*** TURN *** [9d 6s Kc] [8s]
Hero: checks
56bb711b: checks
*** RIVER *** [9d 6s Kc 8s] [7c]
Hero: checks
56bb711b: checks
Hero: shows [Ah 6c] (a pair of Sixes)
56bb711b: shows [Qh Ac] (Ace high)
*** SHOWDOWN ***
Hero collected 1,630 from pot
*** SUMMARY ***
Total pot 1,630 | Rake 0 | Jackpot 0 | Bingo 0 | Fortune 0 | Tax 0
Board [9d 6s Kc 8s 7c]
Seat 1: 98c24cdf folded before Flop
Seat 2: 1fdd9523 folded before Flop
Seat 3: ed43dc7a folded before Flop
Seat 4: 56bb711b showed [Qh Ac] and lost with Ace high
Seat 5: db29cb25 (button) folded before Flop
Seat 6: cb1ebeee (small blind) folded before Flop
Seat 7: Hero (big blind) showed [Ah 6c] and won (1,630) with a pair of Sixes
Seat 8: a720dd20 folded before Flop


Poker Hand #TM5360871325: Tournament #249768082, Sunday Monster Stack $25 Hold'em No Limit - Level6(150/300) - 2025/12/21 23:12:14
Table '65' 8-max Seat #4 is the button
Seat 1: 98c24cdf (37,006 in chips)
Seat 2: 1fdd9523 (44,882 in chips)
Seat 3: ed43dc7a (34,208 in chips)
Seat 4: 56bb711b (28,600 in chips)
Seat 5: db29cb25 (36,676 in chips)
Seat 6: cb1ebeee (40,478 in chips)
Seat 7: Hero (32,666 in chips)
Seat 8: a720dd20 (25,680 in chips)
ed43dc7a: posts the ante 35
a720dd20: posts the ante 35
56bb711b: posts the ante 35
cb1ebeee: posts the ante 35
Hero: posts the ante 35
98c24cdf: posts the ante 35
1fdd9523: posts the ante 35
db29cb25: posts the ante 35
db29cb25: posts small blind 150
cb1ebeee: posts big blind 300
*** HOLE CARDS ***
Dealt to 98c24cdf 
Dealt to 1fdd9523 
Dealt to ed43dc7a 
Dealt to 56bb711b 
Dealt to db29cb25 
Dealt to cb1ebeee 
Dealt to Hero [Ad 4s]
Dealt to a720dd20 
Hero: folds
a720dd20: folds
98c24cdf: raises 300 to 600
1fdd9523: folds
ed43dc7a: folds
56bb711b: folds
db29cb25: folds
cb1ebeee: folds
Uncalled bet (300) returned to 98c24cdf
*** SHOWDOWN ***
98c24cdf collected 1,030 from pot
*** SUMMARY ***
Total pot 1,030 | Rake 0 | Jackpot 0 | Bingo 0 | Fortune 0 | Tax 0
Seat 1: 98c24cdf collected (1,030)
Seat 2: 1fdd9523 folded before Flop
Seat 3: ed43dc7a folded before Flop
Seat 4: 56bb711b (button) folded before Flop
Seat 5: db29cb25 (small blind) folded before Flop
Seat 6: cb1ebeee (big blind) folded before Flop
Seat 7: Hero folded before Flop
Seat 8: a720dd20 folded before Flop


Poker Hand #TM5360871228: Tournament #249768082, Sunday Monster Stack $25 Hold'em No Limit - Level6(150/300) - 2025/12/21 23:11:15
Table '65' 8-max Seat #3 is the button
Seat 1: 98c24cdf (37,041 in chips)
Seat 2: 1fdd9523 (44,917 in chips)
Seat 3: ed43dc7a (34,243 in chips)
Seat 4: 56bb711b (28,785 in chips)
Seat 5: db29cb25 (37,311 in chips)
Seat 6: cb1ebeee (40,513 in chips)
Seat 7: Hero (31,071 in chips)
Seat 8: a720dd20 (26,315 in chips)
ed43dc7a: posts the ante 35
a720dd20: posts the ante 35
cb1ebeee: posts the ante 35
56bb711b: posts the ante 35
Hero: posts the ante 35
98c24cdf: posts the ante 35
1fdd9523: posts the ante 35
db29cb25: posts the ante 35
56bb711b: posts small blind 150
db29cb25: posts big blind 300
*** HOLE CARDS ***
Dealt to 98c24cdf 
Dealt to 1fdd9523 
Dealt to ed43dc7a 
Dealt to 56bb711b 
Dealt to db29cb25 
Dealt to cb1ebeee 
Dealt to Hero [Jd Qc]
Dealt to a720dd20 
cb1ebeee: folds
Hero: raises 300 to 600
a720dd20: calls 600
98c24cdf: folds
1fdd9523: folds
ed43dc7a: folds
56bb711b: folds
db29cb25: calls 300
*** FLOP *** [Qh Jh 5c]
db29cb25: checks
Hero: bets 1,115
a720dd20: folds
db29cb25: folds
Uncalled bet (1,115) returned to Hero
*** SHOWDOWN ***
Hero collected 2,230 from pot
*** SUMMARY ***
Total pot 2,230 | Rake 0 | Jackpot 0 | Bingo 0 | Fortune 0 | Tax 0
Board [Qh Jh 5c]
Seat 1: 98c24cdf folded before Flop
Seat 2: 1fdd9523 folded before Flop
Seat 3: ed43dc7a (button) folded before Flop
Seat 4: 56bb711b (small blind) folded before Flop
Seat 5: db29cb25 (big blind) folded on the Flop
Seat 6: cb1ebeee folded before Flop
Seat 7: Hero won (2,230)
Seat 8: a720dd20 folded on the Flop


Poker Hand #TM5360871132: Tournament #249768082, Sunday Monster Stack $25 Hold'em No Limit - Level6(150/300) - 2025/12/21 23:10:13
Table '65' 8-max Seat #2 is the button
Seat 1: 98c24cdf (37,076 in chips)
Seat 2: 1fdd9523 (44,952 in chips)
Seat 3: ed43dc7a (33,008 in chips)
Seat 4: 56bb711b (29,120 in chips)
Seat 5: db29cb25 (37,346 in chips)
Seat 6: cb1ebeee (40,548 in chips)
Seat 7: Hero (31,106 in chips)
Seat 8: a720dd20 (27,040 in chips)
ed43dc7a: posts the ante 35
a720dd20: posts the ante 35
cb1ebeee: posts the ante 35
56bb711b: posts the ante 35
Hero: posts the ante 35
98c24cdf: posts the ante 35
1fdd9523: posts the ante 35
db29cb25: posts the ante 35
ed43dc7a: posts small blind 150
56bb711b: posts big blind 300
*** HOLE CARDS ***
Dealt to 98c24cdf 
Dealt to 1fdd9523 
Dealt to ed43dc7a 
Dealt to 56bb711b 
Dealt to db29cb25 
Dealt to cb1ebeee 
Dealt to Hero [4c 3h]
Dealt to a720dd20 
db29cb25: folds
cb1ebeee: folds
Hero: folds
a720dd20: raises 390 to 690
98c24cdf: folds
1fdd9523: folds
ed43dc7a: calls 540
56bb711b: folds
*** FLOP *** [6d Qh 6s]
ed43dc7a: checks
a720dd20: checks
*** TURN *** [6d Qh 6s] [7c]
ed43dc7a: bets 922
a720dd20: folds
Uncalled bet (922) returned to ed43dc7a
*** SHOWDOWN ***
ed43dc7a collected 1,960 from pot
*** SUMMARY ***
Total pot 1,960 | Rake 0 | Jackpot 0 | Bingo 0 | Fortune 0 | Tax 0
Board [6d Qh 6s 7c]
Seat 1: 98c24cdf folded before Flop
Seat 2: 1fdd9523 (button) folded before Flop
Seat 3: ed43dc7a (small blind) won (1,960)
Seat 4: 56bb711b (big blind) folded before Flop
Seat 5: db29cb25 folded before Flop
Seat 6: cb1ebeee folded before Flop
Seat 7: Hero folded before Flop
Seat 8: a720dd20 folded on the Turn


Poker Hand #TM5360871082: Tournament #249768082, Sunday Monster Stack $25 Hold'em No Limit - Level6(150/300) - 2025/12/21 23:09:33
Table '65' 8-max Seat #1 is the button
Seat 1: 98c24cdf (37,111 in chips)
Seat 2: 1fdd9523 (45,137 in chips)
Seat 3: ed43dc7a (33,343 in chips)
Seat 4: 56bb711b (29,155 in chips)
Seat 5: db29cb25 (37,381 in chips)
Seat 6: cb1ebeee (39,163 in chips)
Seat 7: Hero (31,141 in chips)
Seat 8: a720dd20 (27,765 in chips)
ed43dc7a: posts the ante 35
a720dd20: posts the ante 35
cb1ebeee: posts the ante 35
56bb711b: posts the ante 35
Hero: posts the ante 35
98c24cdf: posts the ante 35
db29cb25: posts the ante 35
1fdd9523: posts the ante 35
1fdd9523: posts small blind 150
ed43dc7a: posts big blind 300
*** HOLE CARDS ***
Dealt to 98c24cdf 
Dealt to 1fdd9523 
Dealt to ed43dc7a 
Dealt to 56bb711b 
Dealt to db29cb25 
Dealt to cb1ebeee 
Dealt to Hero [Ac 4h]
Dealt to a720dd20 
56bb711b: folds
db29cb25: folds
cb1ebeee: raises 390 to 690
Hero: folds
a720dd20: calls 690
98c24cdf: folds
1fdd9523: folds
ed43dc7a: folds
*** FLOP *** [Ah Th Qd]
cb1ebeee: bets 1,055
a720dd20: folds
Uncalled bet (1,055) returned to cb1ebeee
*** SHOWDOWN ***
cb1ebeee collected 2,110 from pot
*** SUMMARY ***
Total pot 2,110 | Rake 0 | Jackpot 0 | Bingo 0 | Fortune 0 | Tax 0
Board [Ah Th Qd]
Seat 1: 98c24cdf (button) folded before Flop
Seat 2: 1fdd9523 (small blind) folded before Flop
Seat 3: ed43dc7a (big blind) folded before Flop
Seat 4: 56bb711b folded before Flop
Seat 5: db29cb25 folded before Flop
Seat 6: cb1ebeee won (2,110)
Seat 7: Hero folded before Flop
Seat 8: a720dd20 folded on the Flop


Poker Hand #TM5360870985: Tournament #249768082, Sunday Monster Stack $25 Hold'em No Limit - Level6(150/300) - 2025/12/21 23:08:25
Table '65' 8-max Seat #8 is the button
Seat 1: 98c24cdf (38,946 in chips)
Seat 2: 1fdd9523 (43,092 in chips)
Seat 3: ed43dc7a (33,378 in chips)
Seat 4: 56bb711b (29,190 in chips)
Seat 5: db29cb25 (37,416 in chips)
Seat 6: cb1ebeee (39,198 in chips)
Seat 7: Hero (31,176 in chips)
Seat 8: a720dd20 (27,800 in chips)
ed43dc7a: posts the ante 35
a720dd20: posts the ante 35
cb1ebeee: posts the ante 35
56bb711b: posts the ante 35
Hero: posts the ante 35
98c24cdf: posts the ante 35
db29cb25: posts the ante 35
1fdd9523: posts the ante 35
98c24cdf: posts small blind 150
1fdd9523: posts big blind 300
*** HOLE CARDS ***
Dealt to 98c24cdf 
Dealt to 1fdd9523 
Dealt to ed43dc7a 
Dealt to 56bb711b 
Dealt to db29cb25 
Dealt to cb1ebeee 
Dealt to Hero [9c 7h]
Dealt to a720dd20 
ed43dc7a: folds
56bb711b: folds
db29cb25: folds
cb1ebeee: folds
Hero: folds
a720dd20: folds
98c24cdf: raises 600 to 900
1fdd9523: calls 600
*** FLOP *** [Ts Ac 4c]
98c24cdf: bets 900
1fdd9523: calls 900
*** TURN *** [Ts Ac 4c] [Jc]
98c24cdf: checks
1fdd9523: bets 1,281
98c24cdf: folds
Uncalled bet (1,281) returned to 1fdd9523
*** SHOWDOWN ***
1fdd9523 collected 3,880 from pot
*** SUMMARY ***
Total pot 3,880 | Rake 0 | Jackpot 0 | Bingo 0 | Fortune 0 | Tax 0
Board [Ts Ac 4c Jc]
Seat 1: 98c24cdf (small blind) folded on the Turn
Seat 2: 1fdd9523 (big blind) won (3,880)
Seat 3: ed43dc7a folded before Flop
Seat 4: 56bb711b folded before Flop
Seat 5: db29cb25 folded before Flop
Seat 6: cb1ebeee folded before Flop
Seat 7: Hero folded before Flop
Seat 8: a720dd20 (button) folded before Flop


Poker Hand #TM5360870910: Tournament #249768082, Sunday Monster Stack $25 Hold'em No Limit - Level6(150/300) - 2025/12/21 23:07:37
Table '65' 8-max Seat #7 is the button
Seat 1: 98c24cdf (39,621 in chips)
Seat 2: 1fdd9523 (42,057 in chips)
Seat 3: ed43dc7a (33,413 in chips)
Seat 4: 56bb711b (29,225 in chips)
Seat 5: db29cb25 (37,451 in chips)
Seat 6: cb1ebeee (39,233 in chips)
Seat 7: Hero (31,211 in chips)
Seat 8: a720dd20 (27,985 in chips)
ed43dc7a: posts the ante 35
a720dd20: posts the ante 35
cb1ebeee: posts the ante 35
56bb711b: posts the ante 35
Hero: posts the ante 35
98c24cdf: posts the ante 35
db29cb25: posts the ante 35
1fdd9523: posts the ante 35
a720dd20: posts small blind 150
98c24cdf: posts big blind 300
*** HOLE CARDS ***
Dealt to 98c24cdf 
Dealt to 1fdd9523 
Dealt to ed43dc7a 
Dealt to 56bb711b 
Dealt to db29cb25 
Dealt to cb1ebeee 
Dealt to Hero [Qh 6c]
Dealt to a720dd20 
1fdd9523: calls 300
ed43dc7a: folds
56bb711b: folds
db29cb25: folds
cb1ebeee: folds
Hero: folds
a720dd20: folds
98c24cdf: checks
*** FLOP *** [Qc Ac 2h]
98c24cdf: checks
1fdd9523: checks
*** TURN *** [Qc Ac 2h] [9s]
98c24cdf: checks
1fdd9523: bets 340
98c24cdf: calls 340
*** RIVER *** [Qc Ac 2h 9s] [7d]
98c24cdf: checks
1fdd9523: checks
98c24cdf: shows [Ts 8d] (Ace high)
1fdd9523: shows [Th Kd] (Ace high)
*** SHOWDOWN ***
1fdd9523 collected 1,710 from pot
*** SUMMARY ***
Total pot 1,710 | Rake 0 | Jackpot 0 | Bingo 0 | Fortune 0 | Tax 0
Board [Qc Ac 2h 9s 7d]
Seat 1: 98c24cdf (big blind) showed [Ts 8d] and lost with Ace high
Seat 2: 1fdd9523 showed [Th Kd] and won (1,710) with Ace high
Seat 3: ed43dc7a folded before Flop
Seat 4: 56bb711b folded before Flop
Seat 5: db29cb25 folded before Flop
Seat 6: cb1ebeee folded before Flop
Seat 7: Hero (button) folded before Flop
Seat 8: a720dd20 (small blind) folded before Flop


Poker Hand #TM5360870840: Tournament #249768082, Sunday Monster Stack $25 Hold'em No Limit - Level6(150/300) - 2025/12/21 23:06:49
Table '65' 8-max Seat #6 is the button
Seat 1: 98c24cdf (39,656 in chips)
Seat 2: 1fdd9523 (41,362 in chips)
Seat 3: ed43dc7a (33,448 in chips)
Seat 4: 56bb711b (29,260 in chips)
Seat 5: db29cb25 (37,486 in chips)
Seat 6: cb1ebeee (39,268 in chips)
Seat 7: Hero (31,396 in chips)
Seat 8: a720dd20 (28,320 in chips)
ed43dc7a: posts the ante 35
a720dd20: posts the ante 35
cb1ebeee: posts the ante 35
56bb711b: posts the ante 35
Hero: posts the ante 35
98c24cdf: posts the ante 35
db29cb25: posts the ante 35
1fdd9523: posts the ante 35
Hero: posts small blind 150
a720dd20: posts big blind 300
*** HOLE CARDS ***
Dealt to 98c24cdf 
Dealt to 1fdd9523 
Dealt to ed43dc7a 
Dealt to 56bb711b 
Dealt to db29cb25 
Dealt to cb1ebeee 
Dealt to Hero [8h 3s]
Dealt to a720dd20 
98c24cdf: folds
1fdd9523: calls 300
ed43dc7a: folds
56bb711b: folds
db29cb25: folds
cb1ebeee: folds
Hero: folds
a720dd20: checks
*** FLOP *** [Ac Qh 5s]
a720dd20: checks
1fdd9523: checks
*** TURN *** [Ac Qh 5s] [3h]
a720dd20: checks
1fdd9523: bets 340
a720dd20: folds
Uncalled bet (340) returned to 1fdd9523
*** SHOWDOWN ***
1fdd9523 collected 1,030 from pot
*** SUMMARY ***
Total pot 1,030 | Rake 0 | Jackpot 0 | Bingo 0 | Fortune 0 | Tax 0
Board [Ac Qh 5s 3h]
Seat 1: 98c24cdf folded before Flop
Seat 2: 1fdd9523 won (1,030)
Seat 3: ed43dc7a folded before Flop
Seat 4: 56bb711b folded before Flop
Seat 5: db29cb25 folded before Flop
Seat 6: cb1ebeee (button) folded before Flop
Seat 7: Hero (small blind) folded before Flop
Seat 8: a720dd20 (big blind) folded on the Turn


Poker Hand #TM5360870726: Tournament #249768082, Sunday Monster Stack $25 Hold'em No Limit - Level6(150/300) - 2025/12/21 23:05:31
Table '65' 8-max Seat #5 is the button
Seat 1: 98c24cdf (39,691 in chips)
Seat 2: 1fdd9523 (41,397 in chips)
Seat 3: ed43dc7a (23,022 in chips)
Seat 4: 56bb711b (29,295 in chips)
Seat 5: db29cb25 (37,521 in chips)
Seat 6: cb1ebeee (49,184 in chips)
Seat 7: Hero (31,731 in chips)
Seat 8: a720dd20 (28,355 in chips)
ed43dc7a: posts the ante 35
a720dd20: posts the ante 35
56bb711b: posts the ante 35
cb1ebeee: posts the ante 35
Hero: posts the ante 35
98c24cdf: posts the ante 35
db29cb25: posts the ante 35
1fdd9523: posts the ante 35
cb1ebeee: posts small blind 150
Hero: posts big blind 300
*** HOLE CARDS ***
Dealt to 98c24cdf 
Dealt to 1fdd9523 
Dealt to ed43dc7a 
Dealt to 56bb711b 
Dealt to db29cb25 
Dealt to cb1ebeee 
Dealt to Hero [4h 6s]
Dealt to a720dd20 
a720dd20: folds
98c24cdf: folds
1fdd9523: folds
ed43dc7a: raises 420 to 720
56bb711b: folds
db29cb25: folds
cb1ebeee: raises 2,280 to 3,000
Hero: folds
ed43dc7a: calls 2,280
*** FLOP *** [4c 2s Js]
cb1ebeee: bets 1,645
ed43dc7a: calls 1,645
*** TURN *** [4c 2s Js] [3h]
cb1ebeee: checks
ed43dc7a: checks
*** RIVER *** [4c 2s Js 3h] [4s]
cb1ebeee: bets 2,468
ed43dc7a: raises 2,768 to 5,236
cb1ebeee: calls 2,768
ed43dc7a: shows [As Ad] (two pair, Aces and Fours)
cb1ebeee: shows [Qs Qc] (two pair, Queens and Fours)
*** SHOWDOWN ***
ed43dc7a collected 20,342 from pot
*** SUMMARY ***
Total pot 20,342 | Rake 0 | Jackpot 0 | Bingo 0 | Fortune 0 | Tax 0
Board [4c 2s Js 3h 4s]
Seat 1: 98c24cdf folded before Flop
Seat 2: 1fdd9523 folded before Flop
Seat 3: ed43dc7a showed [As Ad] and won (20,342) with two pair, Aces and Fours
Seat 4: 56bb711b folded before Flop
Seat 5: db29cb25 (button) folded before Flop
Seat 6: cb1ebeee (small blind) showed [Qs Qc] and lost with two pair, Queens and Fours
Seat 7: Hero (big blind) folded before Flop
Seat 8: a720dd20 folded before Flop


Poker Hand #TM5360870679: Tournament #249768082, Sunday Monster Stack $25 Hold'em No Limit - Level6(150/300) - 2025/12/21 23:04:55
Table '65' 8-max Seat #4 is the button
Seat 1: 98c24cdf (38,396 in chips)
Seat 2: 1fdd9523 (42,032 in chips)
Seat 3: ed43dc7a (23,057 in chips)
Seat 4: 56bb711b (29,330 in chips)
Seat 5: db29cb25 (37,706 in chips)
Seat 6: cb1ebeee (49,519 in chips)
Seat 7: Hero (31,766 in chips)
Seat 8: a720dd20 (28,390 in chips)
ed43dc7a: posts the ante 35
a720dd20: posts the ante 35
56bb711b: posts the ante 35
cb1ebeee: posts the ante 35
Hero: posts the ante 35
98c24cdf: posts the ante 35
1fdd9523: posts the ante 35
db29cb25: posts the ante 35
db29cb25: posts small blind 150
cb1ebeee: posts big blind 300
*** HOLE CARDS ***
Dealt to 98c24cdf 
Dealt to 1fdd9523 
Dealt to ed43dc7a 
Dealt to 56bb711b 
Dealt to db29cb25 
Dealt to cb1ebeee 
Dealt to Hero [6s 3c]
Dealt to a720dd20 
Hero: folds
a720dd20: folds
98c24cdf: raises 300 to 600
1fdd9523: calls 600
ed43dc7a: folds
56bb711b: folds
db29cb25: folds
cb1ebeee: folds
*** FLOP *** [Jd 3s Jh]
98c24cdf: bets 637
1fdd9523: folds
Uncalled bet (637) returned to 98c24cdf
*** SHOWDOWN ***
98c24cdf collected 1,930 from pot
*** SUMMARY ***
Total pot 1,930 | Rake 0 | Jackpot 0 | Bingo 0 | Fortune 0 | Tax 0
Board [Jd 3s Jh]
Seat 1: 98c24cdf won (1,930)
Seat 2: 1fdd9523 folded on the Flop
Seat 3: ed43dc7a folded before Flop
Seat 4: 56bb711b (button) folded before Flop
Seat 5: db29cb25 (small blind) folded before Flop
Seat 6: cb1ebeee (big blind) folded before Flop
Seat 7: Hero folded before Flop
Seat 8: a720dd20 folded before Flop


Poker Hand #TM5360870592: Tournament #249768082, Sunday Monster Stack $25 Hold'em No Limit - Level6(150/300) - 2025/12/21 23:03:53
Table '65' 8-max Seat #3 is the button
Seat 1: 98c24cdf (38,431 in chips)
Seat 2: 1fdd9523 (40,137 in chips)
Seat 3: ed43dc7a (23,692 in chips)
Seat 4: 56bb711b (29,515 in chips)
Seat 5: db29cb25 (38,041 in chips)
Seat 6: cb1ebeee (49,554 in chips)
Seat 7: Hero (32,401 in chips)
Seat 8: a720dd20 (28,425 in chips)
ed43dc7a: posts the ante 35
a720dd20: posts the ante 35
cb1ebeee: posts the ante 35
56bb711b: posts the ante 35
Hero: posts the ante 35
98c24cdf: posts the ante 35
1fdd9523: posts the ante 35
db29cb25: posts the ante 35
56bb711b: posts small blind 150
db29cb25: posts big blind 300
*** HOLE CARDS ***
Dealt to 98c24cdf 
Dealt to 1fdd9523 
Dealt to ed43dc7a 
Dealt to 56bb711b 
Dealt to db29cb25 
Dealt to cb1ebeee 
Dealt to Hero [Ac Jd]
Dealt to a720dd20 
cb1ebeee: folds
Hero: raises 300 to 600
a720dd20: folds
98c24cdf: folds
1fdd9523: calls 600
ed43dc7a: calls 600
56bb711b: folds
db29cb25: folds
*** FLOP *** [Tc 5s 8s]
Hero: checks
1fdd9523: checks
ed43dc7a: checks
*** TURN *** [Tc 5s 8s] [5d]
Hero: checks
1fdd9523: bets 835
ed43dc7a: folds
Hero: folds
Uncalled bet (835) returned to 1fdd9523
*** SHOWDOWN ***
1fdd9523 collected 2,530 from pot
*** SUMMARY ***
Total pot 2,530 | Rake 0 | Jackpot 0 | Bingo 0 | Fortune 0 | Tax 0
Board [Tc 5s 8s 5d]
Seat 1: 98c24cdf folded before Flop
Seat 2: 1fdd9523 won (2,530)
Seat 3: ed43dc7a (button) folded on the Turn
Seat 4: 56bb711b (small blind) folded before Flop
Seat 5: db29cb25 (big blind) folded before Flop
Seat 6: cb1ebeee folded before Flop
Seat 7: Hero folded on the Turn
Seat 8: a720dd20 folded before Flop


Poker Hand #TM5360870552: Tournament #249768082, Sunday Monster Stack $25 Hold'em No Limit - Level6(150/300) - 2025/12/21 23:03:21
Table '65' 8-max Seat #2 is the button
Seat 1: 98c24cdf (38,466 in chips)
Seat 2: 1fdd9523 (39,442 in chips)
Seat 3: ed43dc7a (23,877 in chips)
Seat 4: 56bb711b (29,850 in chips)
Seat 5: db29cb25 (38,076 in chips)
Seat 6: cb1ebeee (49,589 in chips)
Seat 7: Hero (32,436 in chips)
Seat 8: a720dd20 (28,460 in chips)
ed43dc7a: posts the ante 35
a720dd20: posts the ante 35
cb1ebeee: posts the ante 35
56bb711b: posts the ante 35
Hero: posts the ante 35
98c24cdf: posts the ante 35
1fdd9523: posts the ante 35
db29cb25: posts the ante 35
ed43dc7a: posts small blind 150
56bb711b: posts big blind 300
*** HOLE CARDS ***
Dealt to 98c24cdf 
Dealt to 1fdd9523 
Dealt to ed43dc7a 
Dealt to 56bb711b 
Dealt to db29cb25 
Dealt to cb1ebeee 
Dealt to Hero [Ks 2s]
Dealt to a720dd20 
db29cb25: folds
cb1ebeee: folds
Hero: folds
a720dd20: folds
98c24cdf: folds
1fdd9523: calls 300
ed43dc7a: folds
56bb711b: checks
*** FLOP *** [2h Kd 6h]
56bb711b: checks
1fdd9523: bets 340
56bb711b: folds
Uncalled bet (340) returned to 1fdd9523
*** SHOWDOWN ***
1fdd9523 collected 1,030 from pot
*** SUMMARY ***
Total pot 1,030 | Rake 0 | Jackpot 0 | Bingo 0 | Fortune 0 | Tax 0
Board [2h Kd 6h]
Seat 1: 98c24cdf folded before Flop
Seat 2: 1fdd9523 (button) won (1,030)
Seat 3: ed43dc7a (small blind) folded before Flop
Seat 4: 56bb711b (big blind) folded on the Flop
Seat 5: db29cb25 folded before Flop
Seat 6: cb1ebeee folded before Flop
Seat 7: Hero folded before Flop
Seat 8: a720dd20 folded before Flop


Poker Hand #TM5360870341: Tournament #249768082, Sunday Monster Stack $25 Hold'em No Limit - Level5(125/250) - 2025/12/21 22:54:06
Table '65' 8-max Seat #1 is the button
Seat 1: 98c24cdf (38,496 in chips)
Seat 2: 1fdd9523 (40,097 in chips)
Seat 3: ed43dc7a (25,657 in chips)
Seat 4: 56bb711b (29,880 in chips)
Seat 5: db29cb25 (38,106 in chips)
Seat 6: cb1ebeee (49,619 in chips)
Seat 7: Hero (32,466 in chips)
Seat 8: a720dd20 (25,875 in chips)
ed43dc7a: posts the ante 30
a720dd20: posts the ante 30
cb1ebeee: posts the ante 30
56bb711b: posts the ante 30
Hero: posts the ante 30
98c24cdf: posts the ante 30
db29cb25: posts the ante 30
1fdd9523: posts the ante 30
1fdd9523: posts small blind 125
ed43dc7a: posts big blind 250
*** HOLE CARDS ***
Dealt to 98c24cdf 
Dealt to 1fdd9523 
Dealt to ed43dc7a 
Dealt to 56bb711b 
Dealt to db29cb25 
Dealt to cb1ebeee 
Dealt to Hero [5s 7h]
Dealt to a720dd20 
56bb711b: folds
db29cb25: folds
cb1ebeee: folds
Hero: folds
a720dd20: raises 375 to 625
98c24cdf: folds
1fdd9523: calls 500
ed43dc7a: raises 1,125 to 1,750
a720dd20: raises 1,996 to 3,746
1fdd9523: folds
ed43dc7a: folds
Uncalled bet (1,996) returned to a720dd20
*** SHOWDOWN ***
a720dd20 collected 4,365 from pot
*** SUMMARY ***
Total pot 4,365 | Rake 0 | Jackpot 0 | Bingo 0 | Fortune 0 | Tax 0
Seat 1: 98c24cdf (button) folded before Flop
Seat 2: 1fdd9523 (small blind) folded before Flop
Seat 3: ed43dc7a (big blind) folded before Flop
Seat 4: 56bb711b folded before Flop
Seat 5: db29cb25 folded before Flop
Seat 6: cb1ebeee folded before Flop
Seat 7: Hero folded before Flop
Seat 8: a720dd20 collected (4,365)


Poker Hand #TM5360870269: Tournament #249768082, Sunday Monster Stack $25 Hold'em No Limit - Level5(125/250) - 2025/12/21 22:53:11
Table '65' 8-max Seat #8 is the button
Seat 1: 98c24cdf (39,971 in chips)
Seat 2: 1fdd9523 (40,377 in chips)
Seat 3: ed43dc7a (23,752 in chips)
Seat 4: 56bb711b (29,910 in chips)
Seat 5: db29cb25 (38,136 in chips)
Seat 6: cb1ebeee (49,649 in chips)
Seat 7: Hero (32,496 in chips)
Seat 8: a720dd20 (25,905 in chips)
ed43dc7a: posts the ante 30
a720dd20: posts the ante 30
cb1ebeee: posts the ante 30
56bb711b: posts the ante 30
Hero: posts the ante 30
98c24cdf: posts the ante 30
db29cb25: posts the ante 30
1fdd9523: posts the ante 30
98c24cdf: posts small blind 125
1fdd9523: posts big blind 250
*** HOLE CARDS ***
Dealt to 98c24cdf 
Dealt to 1fdd9523 
Dealt to ed43dc7a 
Dealt to 56bb711b 
Dealt to db29cb25 
Dealt to cb1ebeee 
Dealt to Hero [Td 2h]
Dealt to a720dd20 
ed43dc7a: raises 350 to 600
56bb711b: folds
db29cb25: folds
cb1ebeee: folds
Hero: folds
a720dd20: folds
98c24cdf: calls 475
1fdd9523: folds
*** FLOP *** [Ks 3s 3h]
98c24cdf: checks
ed43dc7a: checks
*** TURN *** [Ks 3s 3h] [5h]
98c24cdf: bets 845
ed43dc7a: calls 845
*** RIVER *** [Ks 3s 3h 5h] [8c]
98c24cdf: checks
ed43dc7a: checks
98c24cdf: shows [6h 6s] (two pair, Sixes and Threes)
ed43dc7a: shows [Qc Qh] (two pair, Queens and Threes)
*** SHOWDOWN ***
ed43dc7a collected 3,380 from pot
*** SUMMARY ***
Total pot 3,380 | Rake 0 | Jackpot 0 | Bingo 0 | Fortune 0 | Tax 0
Board [Ks 3s 3h 5h 8c]
Seat 1: 98c24cdf (small blind) showed [6h 6s] and lost with two pair, Sixes and Threes
Seat 2: 1fdd9523 (big blind) folded before Flop
Seat 3: ed43dc7a showed [Qc Qh] and won (3,380) with two pair, Queens and Threes
Seat 4: 56bb711b folded before Flop
Seat 5: db29cb25 folded before Flop
Seat 6: cb1ebeee folded before Flop
Seat 7: Hero folded before Flop
Seat 8: a720dd20 (button) folded before Flop


Poker Hand #TM5360870225: Tournament #249768082, Sunday Monster Stack $25 Hold'em No Limit - Level5(125/250) - 2025/12/21 22:52:39
Table '65' 8-max Seat #7 is the button
Seat 1: 98c24cdf (40,251 in chips)
Seat 2: 1fdd9523 (39,792 in chips)
Seat 3: ed43dc7a (23,782 in chips)
Seat 4: 56bb711b (29,940 in chips)
Seat 5: db29cb25 (38,166 in chips)
Seat 6: cb1ebeee (49,679 in chips)
Seat 7: Hero (32,526 in chips)
Seat 8: a720dd20 (26,060 in chips)
ed43dc7a: posts the ante 30
a720dd20: posts the ante 30
cb1ebeee: posts the ante 30
56bb711b: posts the ante 30
Hero: posts the ante 30
98c24cdf: posts the ante 30
db29cb25: posts the ante 30
1fdd9523: posts the ante 30
a720dd20: posts small blind 125
98c24cdf: posts big blind 250
*** HOLE CARDS ***
Dealt to 98c24cdf 
Dealt to 1fdd9523 
Dealt to ed43dc7a 
Dealt to 56bb711b 
Dealt to db29cb25 
Dealt to cb1ebeee 
Dealt to Hero [8d Ah]
Dealt to a720dd20 
1fdd9523: calls 250
ed43dc7a: folds
56bb711b: folds
db29cb25: folds
cb1ebeee: folds
Hero: folds
a720dd20: folds
98c24cdf: checks
*** FLOP *** [Jh 8c 5s]
98c24cdf: checks
1fdd9523: bets 286
98c24cdf: folds
Uncalled bet (286) returned to 1fdd9523
*** SHOWDOWN ***
1fdd9523 collected 865 from pot
*** SUMMARY ***
Total pot 865 | Rake 0 | Jackpot 0 | Bingo 0 | Fortune 0 | Tax 0
Board [Jh 8c 5s]
Seat 1: 98c24cdf (big blind) folded on the Flop
Seat 2: 1fdd9523 won (865)
Seat 3: ed43dc7a folded before Flop
Seat 4: 56bb711b folded before Flop
Seat 5: db29cb25 folded before Flop
Seat 6: cb1ebeee folded before Flop
Seat 7: Hero (button) folded before Flop
Seat 8: a720dd20 (small blind) folded before Flop


Poker Hand #TM5360870089: Tournament #249768082, Sunday Monster Stack $25 Hold'em No Limit - Level5(125/250) - 2025/12/21 22:50:50
Table '65' 8-max Seat #6 is the button
Seat 1: 98c24cdf (32,220 in chips)
Seat 2: 1fdd9523 (41,103 in chips)
Seat 3: ed43dc7a (24,312 in chips)
Seat 4: 56bb711b (29,970 in chips)
Seat 5: db29cb25 (38,196 in chips)
Seat 6: cb1ebeee (49,709 in chips)
Seat 7: Hero (32,681 in chips)
Seat 8: a720dd20 (32,005 in chips)
ed43dc7a: posts the ante 30
a720dd20: posts the ante 30
cb1ebeee: posts the ante 30
56bb711b: posts the ante 30
Hero: posts the ante 30
98c24cdf: posts the ante 30
db29cb25: posts the ante 30
1fdd9523: posts the ante 30
Hero: posts small blind 125
a720dd20: posts big blind 250
*** HOLE CARDS ***
Dealt to 98c24cdf 
Dealt to 1fdd9523 
Dealt to ed43dc7a 
Dealt to 56bb711b 
Dealt to db29cb25 
Dealt to cb1ebeee 
Dealt to Hero [6h 4c]
Dealt to a720dd20 
98c24cdf: raises 250 to 500
1fdd9523: calls 500
ed43dc7a: calls 500
56bb711b: folds
db29cb25: folds
cb1ebeee: folds
Hero: folds
a720dd20: calls 250
*** FLOP *** [Jd Qh Kc]
a720dd20: checks
98c24cdf: bets 781
1fdd9523: calls 781
ed43dc7a: folds
a720dd20: calls 781
*** TURN *** [Jd Qh Kc] [Ah]
a720dd20: bets 1,884
98c24cdf: calls 1,884
1fdd9523: folds
*** RIVER *** [Jd Qh Kc Ah] [Qd]
a720dd20: bets 2,750
98c24cdf: raises 6,988 to 9,738
a720dd20: folds
Uncalled bet (6,988) returned to 98c24cdf
*** SHOWDOWN ***
98c24cdf collected 13,976 from pot
*** SUMMARY ***
Total pot 13,976 | Rake 0 | Jackpot 0 | Bingo 0 | Fortune 0 | Tax 0
Board [Jd Qh Kc Ah Qd]
Seat 1: 98c24cdf won (13,976)
Seat 2: 1fdd9523 folded on the Turn
Seat 3: ed43dc7a folded on the Flop
Seat 4: 56bb711b folded before Flop
Seat 5: db29cb25 folded before Flop
Seat 6: cb1ebeee (button) folded before Flop
Seat 7: Hero (small blind) folded before Flop
Seat 8: a720dd20 (big blind) folded on the River


Poker Hand #TM5360869969: Tournament #249768082, Sunday Monster Stack $25 Hold'em No Limit - Level5(125/250) - 2025/12/21 22:49:19
Table '65' 8-max Seat #5 is the button
Seat 1: 98c24cdf (32,250 in chips)
Seat 2: 1fdd9523 (41,133 in chips)
Seat 3: ed43dc7a (24,342 in chips)
Seat 4: 56bb711b (30,000 in chips)
Seat 5: db29cb25 (38,851 in chips)
Seat 6: cb1ebeee (49,864 in chips)
Seat 7: Hero (32,961 in chips)
Seat 8: a720dd20 (30,795 in chips)
ed43dc7a: posts the ante 30
a720dd20: posts the ante 30
56bb711b: posts the ante 30
cb1ebeee: posts the ante 30
Hero: posts the ante 30
98c24cdf: posts the ante 30
db29cb25: posts the ante 30
1fdd9523: posts the ante 30
cb1ebeee: posts small blind 125
Hero: posts big blind 250
*** HOLE CARDS ***
Dealt to 98c24cdf 
Dealt to 1fdd9523 
Dealt to ed43dc7a 
Dealt to 56bb711b 
Dealt to db29cb25 
Dealt to cb1ebeee 
Dealt to Hero [9c 6c]
Dealt to a720dd20 
a720dd20: raises 375 to 625
98c24cdf: folds
1fdd9523: folds
ed43dc7a: folds
56bb711b: folds
db29cb25: calls 625
cb1ebeee: folds
Hero: folds
*** FLOP *** [8c 6d 3c]
a720dd20: checks
db29cb25: checks
*** TURN *** [8c 6d 3c] [8s]
a720dd20: bets 625
db29cb25: folds
Uncalled bet (625) returned to a720dd20
*** SHOWDOWN ***
a720dd20 collected 1,865 from pot
*** SUMMARY ***
Total pot 1,865 | Rake 0 | Jackpot 0 | Bingo 0 | Fortune 0 | Tax 0
Board [8c 6d 3c 8s]
Seat 1: 98c24cdf folded before Flop
Seat 2: 1fdd9523 folded before Flop
Seat 3: ed43dc7a folded before Flop
Seat 4: 56bb711b folded before Flop
Seat 5: db29cb25 (button) folded on the Turn
Seat 6: cb1ebeee (small blind) folded before Flop
Seat 7: Hero (big blind) folded before Flop
Seat 8: a720dd20 won (1,865)


Poker Hand #TM5360869923: Tournament #249768082, Sunday Monster Stack $25 Hold'em No Limit - Level5(125/250) - 2025/12/21 22:48:49
Table '65' 8-max Seat #3 is the button
Seat 1: 98c24cdf (32,280 in chips)
Seat 2: 1fdd9523 (41,163 in chips)
Seat 3: ed43dc7a (23,787 in chips)
Seat 5: db29cb25 (39,006 in chips)
Seat 6: cb1ebeee (50,144 in chips)
Seat 7: Hero (32,991 in chips)
Seat 8: a720dd20 (30,825 in chips)
ed43dc7a: posts the ante 30
a720dd20: posts the ante 30
cb1ebeee: posts the ante 30
Hero: posts the ante 30
98c24cdf: posts the ante 30
1fdd9523: posts the ante 30
db29cb25: posts the ante 30
db29cb25: posts small blind 125
cb1ebeee: posts big blind 250
*** HOLE CARDS ***
Dealt to 98c24cdf 
Dealt to 1fdd9523 
Dealt to ed43dc7a 
Dealt to db29cb25 
Dealt to cb1ebeee 
Dealt to Hero [8c 9h]
Dealt to a720dd20 
Hero: folds
a720dd20: folds
98c24cdf: folds
1fdd9523: folds
ed43dc7a: raises 350 to 600
db29cb25: folds
cb1ebeee: folds
Uncalled bet (350) returned to ed43dc7a
*** SHOWDOWN ***
ed43dc7a collected 835 from pot
*** SUMMARY ***
Total pot 835 | Rake 0 | Jackpot 0 | Bingo 0 | Fortune 0 | Tax 0
Seat 1: 98c24cdf folded before Flop
Seat 2: 1fdd9523 folded before Flop
Seat 3: ed43dc7a (button) collected (835)
Seat 5: db29cb25 (small blind) folded before Flop
Seat 6: cb1ebeee (big blind) folded before Flop
Seat 7: Hero folded before Flop
Seat 8: a720dd20 folded before Flop


Poker Hand #TM5360869819: Tournament #249768082, Sunday Monster Stack $25 Hold'em No Limit - Level5(125/250) - 2025/12/21 22:47:30
Table '65' 8-max Seat #2 is the button
Seat 1: 98c24cdf (32,310 in chips)
Seat 2: 1fdd9523 (41,193 in chips)
Seat 3: ed43dc7a (24,842 in chips)
Seat 5: db29cb25 (39,286 in chips)
Seat 6: cb1ebeee (50,424 in chips)
Seat 7: Hero (31,286 in chips)
Seat 8: a720dd20 (30,855 in chips)
ed43dc7a: posts the ante 30
a720dd20: posts the ante 30
cb1ebeee: posts the ante 30
Hero: posts the ante 30
98c24cdf: posts the ante 30
1fdd9523: posts the ante 30
db29cb25: posts the ante 30
ed43dc7a: posts small blind 125
db29cb25: posts big blind 250
*** HOLE CARDS ***
Dealt to 98c24cdf 
Dealt to 1fdd9523 
Dealt to ed43dc7a 
Dealt to db29cb25 
Dealt to cb1ebeee 
Dealt to Hero [Kc Ks]
Dealt to a720dd20 
cb1ebeee: calls 250
Hero: raises 250 to 500
a720dd20: folds
98c24cdf: folds
1fdd9523: folds
ed43dc7a: calls 375
db29cb25: folds
cb1ebeee: folds
*** FLOP *** [4d Qs 4h]
ed43dc7a: checks
Hero: bets 525
ed43dc7a: calls 525
*** TURN *** [4d Qs 4h] [Jh]
ed43dc7a: checks
Hero: bets 1,500
ed43dc7a: folds
Uncalled bet (1,500) returned to Hero
*** SHOWDOWN ***
Hero collected 2,760 from pot
*** SUMMARY ***
Total pot 2,760 | Rake 0 | Jackpot 0 | Bingo 0 | Fortune 0 | Tax 0
Board [4d Qs 4h Jh]
Seat 1: 98c24cdf folded before Flop
Seat 2: 1fdd9523 (button) folded before Flop
Seat 3: ed43dc7a (small blind) folded on the Turn
Seat 5: db29cb25 (big blind) folded before Flop
Seat 6: cb1ebeee folded before Flop
Seat 7: Hero won (2,760)
Seat 8: a720dd20 folded before Flop


Poker Hand #TM5360869716: Tournament #249768082, Sunday Monster Stack $25 Hold'em No Limit - Level5(125/250) - 2025/12/21 22:46:11
Table '65' 8-max Seat #1 is the button
Seat 1: 98c24cdf (32,340 in chips)
Seat 2: 1fdd9523 (37,758 in chips)
Seat 3: ed43dc7a (27,522 in chips)
Seat 4: 2689a15f (30,720 in chips)
Seat 5: db29cb25 (39,316 in chips)
Seat 6: cb1ebeee (51,029 in chips)
Seat 7: Hero (31,316 in chips)
Seat 8: a720dd20 (30,885 in chips)
ed43dc7a: posts the ante 30
a720dd20: posts the ante 30
cb1ebeee: posts the ante 30
Hero: posts the ante 30
98c24cdf: posts the ante 30
db29cb25: posts the ante 30
1fdd9523: posts the ante 30
2689a15f: posts the ante 30
1fdd9523: posts small blind 125
ed43dc7a: posts big blind 250
*** HOLE CARDS ***
Dealt to 98c24cdf 
Dealt to 1fdd9523 
Dealt to ed43dc7a 
Dealt to 2689a15f 
Dealt to db29cb25 
Dealt to cb1ebeee 
Dealt to Hero [6c 5c]
Dealt to a720dd20 
2689a15f: folds
db29cb25: folds
cb1ebeee: raises 325 to 575
Hero: folds
a720dd20: folds
98c24cdf: folds
1fdd9523: calls 450
ed43dc7a: raises 2,075 to 2,650
cb1ebeee: folds
1fdd9523: calls 2,075
*** FLOP *** [Qh 9h Js]
1fdd9523: checks
ed43dc7a: checks
*** TURN *** [Qh 9h Js] [4s]
1fdd9523: checks
ed43dc7a: checks
*** RIVER *** [Qh 9h Js 4s] [3d]
1fdd9523: checks
ed43dc7a: checks
1fdd9523: shows [3c 7c] (a pair of Threes)
ed43dc7a: shows [Ac Kc] (Ace high)
*** SHOWDOWN ***
1fdd9523 collected 6,115 from pot
*** SUMMARY ***
Total pot 6,115 | Rake 0 | Jackpot 0 | Bingo 0 | Fortune 0 | Tax 0
Board [Qh 9h Js 4s 3d]
Seat 1: 98c24cdf (button) folded before Flop
Seat 2: 1fdd9523 (small blind) showed [3c 7c] and won (6,115) with a pair of Threes
Seat 3: ed43dc7a (big blind) showed [Ac Kc] and lost with Ace high
Seat 4: 2689a15f folded before Flop
Seat 5: db29cb25 folded before Flop
Seat 6: cb1ebeee folded before Flop
Seat 7: Hero folded before Flop
Seat 8: a720dd20 folded before Flop


Poker Hand #TM5360869651: Tournament #249768082, Sunday Monster Stack $25 Hold'em No Limit - Level5(125/250) - 2025/12/21 22:45:24
Table '65' 8-max Seat #8 is the button
Seat 1: 98c24cdf (31,630 in chips)
Seat 2: 1fdd9523 (38,288 in chips)
Seat 3: ed43dc7a (27,552 in chips)
Seat 4: 2689a15f (30,750 in chips)
Seat 5: db29cb25 (39,346 in chips)
Seat 6: cb1ebeee (51,059 in chips)
Seat 7: Hero (31,346 in chips)
Seat 8: a720dd20 (30,915 in chips)
ed43dc7a: posts the ante 30
a720dd20: posts the ante 30
cb1ebeee: posts the ante 30
Hero: posts the ante 30
98c24cdf: posts the ante 30
db29cb25: posts the ante 30
1fdd9523: posts the ante 30
2689a15f: posts the ante 30
98c24cdf: posts small blind 125
1fdd9523: posts big blind 250
*** HOLE CARDS ***
Dealt to 98c24cdf 
Dealt to 1fdd9523 
Dealt to ed43dc7a 
Dealt to 2689a15f 
Dealt to db29cb25 
Dealt to cb1ebeee 
Dealt to Hero [6c Qs]
Dealt to a720dd20 
ed43dc7a: folds
2689a15f: folds
db29cb25: folds
cb1ebeee: folds
Hero: folds
a720dd20: folds
98c24cdf: calls 125
1fdd9523: checks
*** FLOP *** [7s As 2s]
98c24cdf: checks
1fdd9523: checks
*** TURN *** [7s As 2s] [Ac]
98c24cdf: bets 250
1fdd9523: calls 250
*** RIVER *** [7s As 2s Ac] [5s]
98c24cdf: bets 250
1fdd9523: folds
Uncalled bet (250) returned to 98c24cdf
*** SHOWDOWN ***
98c24cdf collected 1,240 from pot
*** SUMMARY ***
Total pot 1,240 | Rake 0 | Jackpot 0 | Bingo 0 | Fortune 0 | Tax 0
Board [7s As 2s Ac 5s]
Seat 1: 98c24cdf (small blind) won (1,240)
Seat 2: 1fdd9523 (big blind) folded on the River
Seat 3: ed43dc7a folded before Flop
Seat 4: 2689a15f folded before Flop
Seat 5: db29cb25 folded before Flop
Seat 6: cb1ebeee folded before Flop
Seat 7: Hero folded before Flop
Seat 8: a720dd20 (button) folded before Flop


Poker Hand #TM5360869564: Tournament #249768082, Sunday Monster Stack $25 Hold'em No Limit - Level4(100/200) - 2025/12/21 22:44:10
Table '65' 8-max Seat #7 is the button
Seat 1: 98c24cdf (29,575 in chips)
Seat 2: 1fdd9523 (40,093 in chips)
Seat 3: ed43dc7a (27,577 in chips)
Seat 4: 2689a15f (30,775 in chips)
Seat 5: db29cb25 (39,371 in chips)
Seat 6: cb1ebeee (51,084 in chips)
Seat 7: Hero (31,371 in chips)
Seat 8: a720dd20 (31,040 in chips)
ed43dc7a: posts the ante 25
a720dd20: posts the ante 25
cb1ebeee: posts the ante 25
Hero: posts the ante 25
98c24cdf: posts the ante 25
db29cb25: posts the ante 25
1fdd9523: posts the ante 25
2689a15f: posts the ante 25
a720dd20: posts small blind 100
98c24cdf: posts big blind 200
*** HOLE CARDS ***
Dealt to 98c24cdf 
Dealt to 1fdd9523 
Dealt to ed43dc7a 
Dealt to 2689a15f 
Dealt to db29cb25 
Dealt to cb1ebeee 
Dealt to Hero [Jd Th]
Dealt to a720dd20 
1fdd9523: calls 200
ed43dc7a: folds
2689a15f: folds
db29cb25: folds
cb1ebeee: folds
Hero: folds
a720dd20: folds
98c24cdf: checks
*** FLOP *** [8h 5d 3s]
98c24cdf: checks
1fdd9523: bets 231
98c24cdf: calls 231
*** TURN *** [8h 5d 3s] [6s]
98c24cdf: checks
1fdd9523: bets 384
98c24cdf: raises 965 to 1,349
1fdd9523: calls 965
*** RIVER *** [8h 5d 3s 6s] [8c]
98c24cdf: bets 2,400
1fdd9523: folds
Uncalled bet (2,400) returned to 98c24cdf
*** SHOWDOWN ***
98c24cdf collected 3,860 from pot
*** SUMMARY ***
Total pot 3,860 | Rake 0 | Jackpot 0 | Bingo 0 | Fortune 0 | Tax 0
Board [8h 5d 3s 6s 8c]
Seat 1: 98c24cdf (big blind) won (3,860)
Seat 2: 1fdd9523 folded on the River
Seat 3: ed43dc7a folded before Flop
Seat 4: 2689a15f folded before Flop
Seat 5: db29cb25 folded before Flop
Seat 6: cb1ebeee folded before Flop
Seat 7: Hero (button) folded before Flop
Seat 8: a720dd20 (small blind) folded before Flop


Poker Hand #TM5360869417: Tournament #249768082, Sunday Monster Stack $25 Hold'em No Limit - Level4(100/200) - 2025/12/21 22:42:20
Table '65' 8-max Seat #6 is the button
Seat 1: 98c24cdf (30,000 in chips)
Seat 2: 1fdd9523 (42,218 in chips)
Seat 3: ed43dc7a (27,602 in chips)
Seat 4: 2689a15f (30,800 in chips)
Seat 5: db29cb25 (39,396 in chips)
Seat 6: cb1ebeee (51,109 in chips)
Seat 7: Hero (31,496 in chips)
Seat 8: a720dd20 (28,265 in chips)
ed43dc7a: posts the ante 25
a720dd20: posts the ante 25
cb1ebeee: posts the ante 25
Hero: posts the ante 25
98c24cdf: posts the ante 25
db29cb25: posts the ante 25
1fdd9523: posts the ante 25
2689a15f: posts the ante 25
Hero: posts small blind 100
a720dd20: posts big blind 200
*** HOLE CARDS ***
Dealt to 98c24cdf 
Dealt to 1fdd9523 
Dealt to ed43dc7a 
Dealt to 2689a15f 
Dealt to db29cb25 
Dealt to cb1ebeee 
Dealt to Hero [2c Th]
Dealt to a720dd20 
98c24cdf: raises 200 to 400
1fdd9523: calls 400
ed43dc7a: folds
2689a15f: folds
db29cb25: folds
cb1ebeee: folds
Hero: folds
a720dd20: calls 200
*** FLOP *** [4c 5h 8d]
a720dd20: checks
98c24cdf: checks
1fdd9523: bets 495
a720dd20: raises 1,205 to 1,700
98c24cdf: folds
1fdd9523: calls 1,205
*** TURN *** [4c 5h 8d] [Qc]
a720dd20: bets 5,880
1fdd9523: folds
Uncalled bet (5,880) returned to a720dd20
*** SHOWDOWN ***
a720dd20 collected 4,900 from pot
*** SUMMARY ***
Total pot 4,900 | Rake 0 | Jackpot 0 | Bingo 0 | Fortune 0 | Tax 0
Board [4c 5h 8d Qc]
Seat 1: 98c24cdf folded on the Flop
Seat 2: 1fdd9523 folded on the Turn
Seat 3: ed43dc7a folded before Flop
Seat 4: 2689a15f folded before Flop
Seat 5: db29cb25 folded before Flop
Seat 6: cb1ebeee (button) folded before Flop
Seat 7: Hero (small blind) folded before Flop
Seat 8: a720dd20 (big blind) won (4,900)


Poker Hand #TM5360869364: Tournament #249768082, Sunday Monster Stack $25 Hold'em No Limit - Level4(100/200) - 2025/12/21 22:41:39
Table '65' 8-max Seat #5 is the button
Seat 2: 1fdd9523 (41,768 in chips)
Seat 3: ed43dc7a (27,627 in chips)
Seat 4: 2689a15f (30,825 in chips)
Seat 5: db29cb25 (39,421 in chips)
Seat 6: cb1ebeee (51,234 in chips)
Seat 7: Hero (31,721 in chips)
Seat 8: a720dd20 (28,290 in chips)
ed43dc7a: posts the ante 25
a720dd20: posts the ante 25
cb1ebeee: posts the ante 25
Hero: posts the ante 25
db29cb25: posts the ante 25
1fdd9523: posts the ante 25
2689a15f: posts the ante 25
cb1ebeee: posts small blind 100
Hero: posts big blind 200
*** HOLE CARDS ***
Dealt to 1fdd9523 
Dealt to ed43dc7a 
Dealt to 2689a15f 
Dealt to db29cb25 
Dealt to cb1ebeee 
Dealt to Hero [8s Kc]
Dealt to a720dd20 
a720dd20: folds
1fdd9523: calls 200
ed43dc7a: folds
2689a15f: folds
db29cb25: folds
cb1ebeee: folds
Hero: checks
*** FLOP *** [Qs 3h As]
Hero: checks
1fdd9523: bets 223
Hero: folds
Uncalled bet (223) returned to 1fdd9523
*** SHOWDOWN ***
1fdd9523 collected 675 from pot
*** SUMMARY ***
Total pot 675 | Rake 0 | Jackpot 0 | Bingo 0 | Fortune 0 | Tax 0
Board [Qs 3h As]
Seat 2: 1fdd9523 won (675)
Seat 3: ed43dc7a folded before Flop
Seat 4: 2689a15f folded before Flop
Seat 5: db29cb25 (button) folded before Flop
Seat 6: cb1ebeee (small blind) folded before Flop
Seat 7: Hero (big blind) folded on the Flop
Seat 8: a720dd20 folded before Flop


Poker Hand #TM5360869233: Tournament #249768082, Sunday Monster Stack $25 Hold'em No Limit - Level4(100/200) - 2025/12/21 22:39:56
Table '65' 8-max Seat #4 is the button
Seat 1: f77c5a21 (24,211 in chips)
Seat 2: 1fdd9523 (42,293 in chips)
Seat 3: ed43dc7a (27,652 in chips)
Seat 4: 2689a15f (30,850 in chips)
Seat 5: db29cb25 (39,546 in chips)
Seat 6: cb1ebeee (26,273 in chips)
Seat 7: Hero (31,746 in chips)
Seat 8: a720dd20 (28,315 in chips)
ed43dc7a: posts the ante 25
a720dd20: posts the ante 25
cb1ebeee: posts the ante 25
Hero: posts the ante 25
1fdd9523: posts the ante 25
f77c5a21: posts the ante 25
db29cb25: posts the ante 25
2689a15f: posts the ante 25
db29cb25: posts small blind 100
cb1ebeee: posts big blind 200
*** HOLE CARDS ***
Dealt to f77c5a21 
Dealt to 1fdd9523 
Dealt to ed43dc7a 
Dealt to 2689a15f 
Dealt to db29cb25 
Dealt to cb1ebeee 
Dealt to Hero [8c 5s]
Dealt to a720dd20 
Hero: folds
a720dd20: folds
f77c5a21: raises 300 to 500
1fdd9523: calls 500
ed43dc7a: folds
2689a15f: folds
db29cb25: folds
cb1ebeee: raises 2,300 to 2,800
f77c5a21: calls 2,300
1fdd9523: folds
*** FLOP *** [Jh 2d Ad]
cb1ebeee: bets 1,600
f77c5a21: raises 4,800 to 6,400
cb1ebeee: calls 4,800
*** TURN *** [Jh 2d Ad] [5h]
cb1ebeee: checks
f77c5a21: bets 14,986 and is all-in
cb1ebeee: calls 14,986
f77c5a21: shows [Qd Kd] (Ace high)
cb1ebeee: shows [Tc Ah] (a pair of Aces)
*** RIVER *** [Jh 2d Ad 5h] [9h]
*** SHOWDOWN ***
cb1ebeee collected 49,172 from pot
*** SUMMARY ***
Total pot 49,172 | Rake 0 | Jackpot 0 | Bingo 0 | Fortune 0 | Tax 0
Board [Jh 2d Ad 5h 9h]
Seat 1: f77c5a21 showed [Qd Kd] and lost with Ace high
Seat 2: 1fdd9523 folded before Flop
Seat 3: ed43dc7a folded before Flop
Seat 4: 2689a15f (button) folded before Flop
Seat 5: db29cb25 (small blind) folded before Flop
Seat 6: cb1ebeee (big blind) showed [Tc Ah] and won (49,172) with a pair of Aces
Seat 7: Hero folded before Flop
Seat 8: a720dd20 folded before Flop


Poker Hand #TM5360869184: Tournament #249768082, Sunday Monster Stack $25 Hold'em No Limit - Level4(100/200) - 2025/12/21 22:39:18
Table '65' 8-max Seat #3 is the button
Seat 1: f77c5a21 (24,236 in chips)
Seat 2: 1fdd9523 (42,518 in chips)
Seat 3: ed43dc7a (27,677 in chips)
Seat 4: 2689a15f (30,275 in chips)
Seat 5: db29cb25 (39,771 in chips)
Seat 6: cb1ebeee (26,298 in chips)
Seat 7: Hero (31,771 in chips)
Seat 8: a720dd20 (28,340 in chips)
ed43dc7a: posts the ante 25
a720dd20: posts the ante 25
cb1ebeee: posts the ante 25
Hero: posts the ante 25
1fdd9523: posts the ante 25
f77c5a21: posts the ante 25
db29cb25: posts the ante 25
2689a15f: posts the ante 25
2689a15f: posts small blind 100
db29cb25: posts big blind 200
*** HOLE CARDS ***
Dealt to f77c5a21 
Dealt to 1fdd9523 
Dealt to ed43dc7a 
Dealt to 2689a15f 
Dealt to db29cb25 
Dealt to cb1ebeee 
Dealt to Hero [4s Jc]
Dealt to a720dd20 
cb1ebeee: folds
Hero: folds
a720dd20: folds
f77c5a21: folds
1fdd9523: calls 200
ed43dc7a: folds
2689a15f: raises 1,200 to 1,400
db29cb25: folds
1fdd9523: folds
Uncalled bet (1,200) returned to 2689a15f
*** SHOWDOWN ***
2689a15f collected 800 from pot
*** SUMMARY ***
Total pot 800 | Rake 0 | Jackpot 0 | Bingo 0 | Fortune 0 | Tax 0
Seat 1: f77c5a21 folded before Flop
Seat 2: 1fdd9523 folded before Flop
Seat 3: ed43dc7a (button) folded before Flop
Seat 4: 2689a15f (small blind) collected (800)
Seat 5: db29cb25 (big blind) folded before Flop
Seat 6: cb1ebeee folded before Flop
Seat 7: Hero folded before Flop
Seat 8: a720dd20 folded before Flop


Poker Hand #TM5360869147: Tournament #249768082, Sunday Monster Stack $25 Hold'em No Limit - Level4(100/200) - 2025/12/21 22:38:52
Table '65' 8-max Seat #2 is the button
Seat 1: f77c5a21 (24,261 in chips)
Seat 2: 1fdd9523 (42,543 in chips)
Seat 3: ed43dc7a (27,802 in chips)
Seat 4: 2689a15f (30,000 in chips)
Seat 5: db29cb25 (39,796 in chips)
Seat 6: cb1ebeee (26,323 in chips)
Seat 7: Hero (31,796 in chips)
Seat 8: a720dd20 (28,365 in chips)
ed43dc7a: posts the ante 25
a720dd20: posts the ante 25
cb1ebeee: posts the ante 25
Hero: posts the ante 25
1fdd9523: posts the ante 25
f77c5a21: posts the ante 25
db29cb25: posts the ante 25
2689a15f: posts the ante 25
ed43dc7a: posts small blind 100
2689a15f: posts big blind 200
*** HOLE CARDS ***
Dealt to f77c5a21 
Dealt to 1fdd9523 
Dealt to ed43dc7a 
Dealt to 2689a15f 
Dealt to db29cb25 
Dealt to cb1ebeee 
Dealt to Hero [4h Tc]
Dealt to a720dd20 
db29cb25: folds
cb1ebeee: folds
Hero: folds
a720dd20: folds
f77c5a21: folds
1fdd9523: folds
ed43dc7a: folds
Uncalled bet (100) returned to 2689a15f
*** SHOWDOWN ***
2689a15f collected 400 from pot
*** SUMMARY ***
Total pot 400 | Rake 0 | Jackpot 0 | Bingo 0 | Fortune 0 | Tax 0
Seat 1: f77c5a21 folded before Flop
Seat 2: 1fdd9523 (button) folded before Flop
Seat 3: ed43dc7a (small blind) folded before Flop
Seat 4: 2689a15f (big blind) collected (400)
Seat 5: db29cb25 folded before Flop
Seat 6: cb1ebeee folded before Flop
Seat 7: Hero folded before Flop
Seat 8: a720dd20 folded before Flop


Poker Hand #TM5360869080: Tournament #249768082, Sunday Monster Stack $25 Hold'em No Limit - Level4(100/200) - 2025/12/21 22:37:57
Table '65' 8-max Seat #1 is the button
Seat 1: f77c5a21 (24,286 in chips)
Seat 2: 1fdd9523 (42,193 in chips)
Seat 3: ed43dc7a (28,027 in chips)
Seat 5: db29cb25 (39,821 in chips)
Seat 6: cb1ebeee (26,348 in chips)
Seat 7: Hero (31,821 in chips)
Seat 8: a720dd20 (28,390 in chips)
ed43dc7a: posts the ante 25
a720dd20: posts the ante 25
cb1ebeee: posts the ante 25
Hero: posts the ante 25
f77c5a21: posts the ante 25
db29cb25: posts the ante 25
1fdd9523: posts the ante 25
1fdd9523: posts small blind 100
ed43dc7a: posts big blind 200
*** HOLE CARDS ***
Dealt to f77c5a21 
Dealt to 1fdd9523 
Dealt to ed43dc7a 
Dealt to db29cb25 
Dealt to cb1ebeee 
Dealt to Hero [9c 5c]
Dealt to a720dd20 
db29cb25: folds
cb1ebeee: folds
Hero: folds
a720dd20: folds
f77c5a21: folds
1fdd9523: calls 100
ed43dc7a: checks
*** FLOP *** [4h 4s 8d]
1fdd9523: checks
ed43dc7a: checks
*** TURN *** [4h 4s 8d] [Ts]
1fdd9523: bets 288
ed43dc7a: folds
Uncalled bet (288) returned to 1fdd9523
*** SHOWDOWN ***
1fdd9523 collected 575 from pot
*** SUMMARY ***
Total pot 575 | Rake 0 | Jackpot 0 | Bingo 0 | Fortune 0 | Tax 0
Board [4h 4s 8d Ts]
Seat 1: f77c5a21 (button) folded before Flop
Seat 2: 1fdd9523 (small blind) won (575)
Seat 3: ed43dc7a (big blind) folded on the Turn
Seat 5: db29cb25 folded before Flop
Seat 6: cb1ebeee folded before Flop
Seat 7: Hero folded before Flop
Seat 8: a720dd20 folded before Flop


Poker Hand #TM5359549011: Tournament #249768082, Sunday Monster Stack $25 Hold'em No Limit - Level4(100/200) - 2025/12/21 22:36:59
Table '65' 8-max Seat #8 is the button
Seat 1: f77c5a21 (24,411 in chips)
Seat 2: 1fdd9523 (43,079 in chips)
Seat 3: ed43dc7a (28,052 in chips)
Seat 4: 7ae7d68a (29,930 in chips)
Seat 5: db29cb25 (39,846 in chips)
Seat 6: cb1ebeee (25,212 in chips)
Seat 7: Hero (31,846 in chips)
Seat 8: a720dd20 (28,415 in chips)
ed43dc7a: posts the ante 25
a720dd20: posts the ante 25
cb1ebeee: posts the ante 25
Hero: posts the ante 25
7ae7d68a: posts the ante 25
db29cb25: posts the ante 25
1fdd9523: posts the ante 25
f77c5a21: posts the ante 25
f77c5a21: posts small blind 100
1fdd9523: posts big blind 200
*** HOLE CARDS ***
Dealt to f77c5a21 
Dealt to 1fdd9523 
Dealt to ed43dc7a 
Dealt to 7ae7d68a 
Dealt to db29cb25 
Dealt to cb1ebeee 
Dealt to Hero [5d 4s]
Dealt to a720dd20 
ed43dc7a: folds
7ae7d68a: folds
db29cb25: folds
cb1ebeee: raises 259 to 459
Hero: folds
a720dd20: folds
f77c5a21: folds
1fdd9523: calls 259
*** FLOP *** [Ks 4h 9s]
1fdd9523: checks
cb1ebeee: bets 402
1fdd9523: calls 402
*** TURN *** [Ks 4h 9s] [Qd]
1fdd9523: checks
cb1ebeee: bets 3,200
1fdd9523: folds
Uncalled bet (3,200) returned to cb1ebeee
*** SHOWDOWN ***
cb1ebeee collected 2,022 from pot
*** SUMMARY ***
Total pot 2,022 | Rake 0 | Jackpot 0 | Bingo 0 | Fortune 0 | Tax 0
Board [Ks 4h 9s Qd]
Seat 1: f77c5a21 (small blind) folded before Flop
Seat 2: 1fdd9523 (big blind) folded on the Turn
Seat 3: ed43dc7a folded before Flop
Seat 4: 7ae7d68a folded before Flop
Seat 5: db29cb25 folded before Flop
Seat 6: cb1ebeee won (2,022)
Seat 7: Hero folded before Flop
Seat 8: a720dd20 (button) folded before Flop


Poker Hand #TM5359548934: Tournament #249768082, Sunday Monster Stack $25 Hold'em No Limit - Level4(100/200) - 2025/12/21 22:35:57
Table '65' 8-max Seat #7 is the button
Seat 1: f77c5a21 (24,895 in chips)
Seat 2: 1fdd9523 (43,104 in chips)
Seat 3: ed43dc7a (28,077 in chips)
Seat 4: 7ae7d68a (29,955 in chips)
Seat 5: db29cb25 (39,871 in chips)
Seat 6: cb1ebeee (24,478 in chips)
Seat 7: Hero (31,871 in chips)
Seat 8: a720dd20 (28,540 in chips)
ed43dc7a: posts the ante 25
a720dd20: posts the ante 25
cb1ebeee: posts the ante 25
Hero: posts the ante 25
7ae7d68a: posts the ante 25
db29cb25: posts the ante 25
1fdd9523: posts the ante 25
f77c5a21: posts the ante 25
a720dd20: posts small blind 100
f77c5a21: posts big blind 200
*** HOLE CARDS ***
Dealt to f77c5a21 
Dealt to 1fdd9523 
Dealt to ed43dc7a 
Dealt to 7ae7d68a 
Dealt to db29cb25 
Dealt to cb1ebeee 
Dealt to Hero [7s 8c]
Dealt to a720dd20 
1fdd9523: folds
ed43dc7a: folds
7ae7d68a: folds
db29cb25: folds
cb1ebeee: raises 259 to 459
Hero: folds
a720dd20: folds
f77c5a21: calls 259
*** FLOP *** [3h Tc 7d]
f77c5a21: checks
cb1ebeee: bets 609
f77c5a21: folds
Uncalled bet (609) returned to cb1ebeee
*** SHOWDOWN ***
cb1ebeee collected 1,218 from pot
*** SUMMARY ***
Total pot 1,218 | Rake 0 | Jackpot 0 | Bingo 0 | Fortune 0 | Tax 0
Board [3h Tc 7d]
Seat 1: f77c5a21 (big blind) folded on the Flop
Seat 2: 1fdd9523 folded before Flop
Seat 3: ed43dc7a folded before Flop
Seat 4: 7ae7d68a folded before Flop
Seat 5: db29cb25 folded before Flop
Seat 6: cb1ebeee won (1,218)
Seat 7: Hero (button) folded before Flop
Seat 8: a720dd20 (small blind) folded before Flop


Poker Hand #TM5359548877: Tournament #249768082, Sunday Monster Stack $25 Hold'em No Limit - Level4(100/200) - 2025/12/21 22:35:08
Table '65' 8-max Seat #6 is the button
Seat 1: f77c5a21 (25,320 in chips)
Seat 2: 1fdd9523 (41,929 in chips)
Seat 3: ed43dc7a (28,102 in chips)
Seat 4: 7ae7d68a (29,980 in chips)
Seat 5: db29cb25 (39,896 in chips)
Seat 6: cb1ebeee (24,503 in chips)
Seat 7: Hero (32,296 in chips)
Seat 8: a720dd20 (28,765 in chips)
ed43dc7a: posts the ante 25
a720dd20: posts the ante 25
cb1ebeee: posts the ante 25
Hero: posts the ante 25
7ae7d68a: posts the ante 25
db29cb25: posts the ante 25
1fdd9523: posts the ante 25
f77c5a21: posts the ante 25
Hero: posts small blind 100
a720dd20: posts big blind 200
*** HOLE CARDS ***
Dealt to f77c5a21 
Dealt to 1fdd9523 
Dealt to ed43dc7a 
Dealt to 7ae7d68a 
Dealt to db29cb25 
Dealt to cb1ebeee 
Dealt to Hero [3d 4d]
Dealt to a720dd20 
f77c5a21: raises 200 to 400
1fdd9523: calls 400
ed43dc7a: folds
7ae7d68a: folds
db29cb25: folds
cb1ebeee: folds
Hero: calls 300
a720dd20: folds
*** FLOP *** [6d 7h 8s]
Hero: checks
f77c5a21: checks
1fdd9523: checks
*** TURN *** [6d 7h 8s] [9s]
Hero: checks
f77c5a21: checks
1fdd9523: bets 528
Hero: folds
f77c5a21: folds
Uncalled bet (528) returned to 1fdd9523
*** SHOWDOWN ***
1fdd9523 collected 1,600 from pot
*** SUMMARY ***
Total pot 1,600 | Rake 0 | Jackpot 0 | Bingo 0 | Fortune 0 | Tax 0
Board [6d 7h 8s 9s]
Seat 1: f77c5a21 folded on the Turn
Seat 2: 1fdd9523 won (1,600)
Seat 3: ed43dc7a folded before Flop
Seat 4: 7ae7d68a folded before Flop
Seat 5: db29cb25 folded before Flop
Seat 6: cb1ebeee (button) folded before Flop
Seat 7: Hero (small blind) folded on the Turn
Seat 8: a720dd20 (big blind) folded before Flop


Poker Hand #TM5359548751: Tournament #249768082, Sunday Monster Stack $25 Hold'em No Limit - Level3(80/160) - 2025/12/21 22:33:29
Table '65' 8-max Seat #5 is the button
Seat 1: f77c5a21 (29,620 in chips)
Seat 2: 1fdd9523 (41,949 in chips)
Seat 3: ed43dc7a (28,122 in chips)
Seat 4: 7ae7d68a (30,000 in chips)
Seat 5: db29cb25 (39,916 in chips)
Seat 6: cb1ebeee (24,603 in chips)
Seat 7: Hero (27,796 in chips)
Seat 8: a720dd20 (28,785 in chips)
ed43dc7a: posts the ante 20
a720dd20: posts the ante 20
cb1ebeee: posts the ante 20
Hero: posts the ante 20
7ae7d68a: posts the ante 20
db29cb25: posts the ante 20
1fdd9523: posts the ante 20
f77c5a21: posts the ante 20
cb1ebeee: posts small blind 80
Hero: posts big blind 160
*** HOLE CARDS ***
Dealt to f77c5a21 
Dealt to 1fdd9523 
Dealt to ed43dc7a 
Dealt to 7ae7d68a 
Dealt to db29cb25 
Dealt to cb1ebeee 
Dealt to Hero [6s Qs]
Dealt to a720dd20 
a720dd20: folds
f77c5a21: raises 160 to 320
1fdd9523: folds
ed43dc7a: folds
7ae7d68a: folds
db29cb25: folds
cb1ebeee: folds
Hero: calls 160
*** FLOP *** [As Qh 5s]
Hero: checks
f77c5a21: bets 440
Hero: calls 440
*** TURN *** [As Qh 5s] [6d]
Hero: checks
f77c5a21: bets 1,320
Hero: raises 2,200 to 3,520
f77c5a21: calls 2,200
*** RIVER *** [As Qh 5s 6d] [Jc]
Hero: bets 6,600
f77c5a21: folds
Uncalled bet (6,600) returned to Hero
*** SHOWDOWN ***
Hero collected 8,800 from pot
*** SUMMARY ***
Total pot 8,800 | Rake 0 | Jackpot 0 | Bingo 0 | Fortune 0 | Tax 0
Board [As Qh 5s 6d Jc]
Seat 1: f77c5a21 folded on the River
Seat 2: 1fdd9523 folded before Flop
Seat 3: ed43dc7a folded before Flop
Seat 4: 7ae7d68a folded before Flop
Seat 5: db29cb25 (button) folded before Flop
Seat 6: cb1ebeee (small blind) folded before Flop
Seat 7: Hero (big blind) won (8,800)
Seat 8: a720dd20 folded before Flop


Poker Hand #TM5359548593: Tournament #249768082, Sunday Monster Stack $25 Hold'em No Limit - Level3(80/160) - 2025/12/21 22:31:26
Table '65' 8-max Seat #3 is the button
Seat 1: f77c5a21 (29,640 in chips)
Seat 2: 1fdd9523 (34,232 in chips)
Seat 3: ed43dc7a (28,142 in chips)
Seat 5: db29cb25 (40,016 in chips)
Seat 6: cb1ebeee (24,783 in chips)
Seat 7: Hero (27,816 in chips)
Seat 8: a720dd20 (36,162 in chips)
ed43dc7a: posts the ante 20
a720dd20: posts the ante 20
cb1ebeee: posts the ante 20
Hero: posts the ante 20
1fdd9523: posts the ante 20
f77c5a21: posts the ante 20
db29cb25: posts the ante 20
db29cb25: posts small blind 80
cb1ebeee: posts big blind 160
*** HOLE CARDS ***
Dealt to f77c5a21 
Dealt to 1fdd9523 
Dealt to ed43dc7a 
Dealt to db29cb25 
Dealt to cb1ebeee 
Dealt to Hero [2d 8c]
Dealt to a720dd20 
Hero: folds
a720dd20: raises 240 to 400
f77c5a21: folds
1fdd9523: calls 400
ed43dc7a: folds
db29cb25: folds
cb1ebeee: folds
*** FLOP *** [6s 7c 2c]
a720dd20: checks
1fdd9523: bets 390
a720dd20: calls 390
*** TURN *** [6s 7c 2c] [4c]
a720dd20: checks
1fdd9523: bets 647
a720dd20: calls 647
*** RIVER *** [6s 7c 2c 4c] [6d]
a720dd20: checks
1fdd9523: bets 1,074
a720dd20: raises 4,846 to 5,920
1fdd9523: calls 4,846
a720dd20: shows [9s Ad] (a pair of Sixes)
1fdd9523: shows [Th Td] (two pair, Tens and Sixes)
*** SHOWDOWN ***
1fdd9523 collected 15,094 from pot
*** SUMMARY ***
Total pot 15,094 | Rake 0 | Jackpot 0 | Bingo 0 | Fortune 0 | Tax 0
Board [6s 7c 2c 4c 6d]
Seat 1: f77c5a21 folded before Flop
Seat 2: 1fdd9523 showed [Th Td] and won (15,094) with two pair, Tens and Sixes
Seat 3: ed43dc7a (button) folded before Flop
Seat 5: db29cb25 (small blind) folded before Flop
Seat 6: cb1ebeee (big blind) folded before Flop
Seat 7: Hero folded before Flop
Seat 8: a720dd20 showed [9s Ad] and lost with a pair of Sixes


Poker Hand #TM5359548517: Tournament #249768082, Sunday Monster Stack $25 Hold'em No Limit - Level3(80/160) - 2025/12/21 22:30:27
Table '65' 8-max Seat #2 is the button
Seat 1: f77c5a21 (29,660 in chips)
Seat 2: 1fdd9523 (34,412 in chips)
Seat 3: ed43dc7a (27,702 in chips)
Seat 5: db29cb25 (40,196 in chips)
Seat 6: cb1ebeee (24,803 in chips)
Seat 7: Hero (27,836 in chips)
Seat 8: a720dd20 (36,182 in chips)
ed43dc7a: posts the ante 20
a720dd20: posts the ante 20
cb1ebeee: posts the ante 20
Hero: posts the ante 20
1fdd9523: posts the ante 20
f77c5a21: posts the ante 20
db29cb25: posts the ante 20
ed43dc7a: posts small blind 80
db29cb25: posts big blind 160
*** HOLE CARDS ***
Dealt to f77c5a21 
Dealt to 1fdd9523 
Dealt to ed43dc7a 
Dealt to db29cb25 
Dealt to cb1ebeee 
Dealt to Hero [5d 7h]
Dealt to a720dd20 
cb1ebeee: folds
Hero: folds
a720dd20: folds
f77c5a21: folds
1fdd9523: calls 160
ed43dc7a: calls 80
db29cb25: checks
*** FLOP *** [Kd 4d Td]
ed43dc7a: checks
db29cb25: checks
1fdd9523: checks
*** TURN *** [Kd 4d Td] [7s]
ed43dc7a: bets 292
db29cb25: folds
1fdd9523: folds
Uncalled bet (292) returned to ed43dc7a
*** SHOWDOWN ***
ed43dc7a collected 620 from pot
*** SUMMARY ***
Total pot 620 | Rake 0 | Jackpot 0 | Bingo 0 | Fortune 0 | Tax 0
Board [Kd 4d Td 7s]
Seat 1: f77c5a21 folded before Flop
Seat 2: 1fdd9523 (button) folded on the Turn
Seat 3: ed43dc7a (small blind) won (620)
Seat 5: db29cb25 (big blind) folded on the Turn
Seat 6: cb1ebeee folded before Flop
Seat 7: Hero folded before Flop
Seat 8: a720dd20 folded before Flop


Poker Hand #TM5359548495: Tournament #249768082, Sunday Monster Stack $25 Hold'em No Limit - Level3(80/160) - 2025/12/21 22:30:05
Table '65' 8-max Seat #1 is the button
Seat 1: f77c5a21 (29,680 in chips)
Seat 2: 1fdd9523 (34,512 in chips)
Seat 3: ed43dc7a (27,482 in chips)
Seat 4: ecea6d7a (28,749 in chips)
Seat 5: db29cb25 (40,216 in chips)
Seat 6: cb1ebeee (24,823 in chips)
Seat 7: Hero (27,856 in chips)
Seat 8: a720dd20 (36,202 in chips)
ed43dc7a: posts the ante 20
a720dd20: posts the ante 20
cb1ebeee: posts the ante 20
Hero: posts the ante 20
ecea6d7a: posts the ante 20
f77c5a21: posts the ante 20
db29cb25: posts the ante 20
1fdd9523: posts the ante 20
1fdd9523: posts small blind 80
ed43dc7a: posts big blind 160
*** HOLE CARDS ***
Dealt to f77c5a21 
Dealt to 1fdd9523 
Dealt to ed43dc7a 
Dealt to ecea6d7a 
Dealt to db29cb25 
Dealt to cb1ebeee 
Dealt to Hero [Jc 7s]
Dealt to a720dd20 
ecea6d7a: folds
db29cb25: folds
cb1ebeee: folds
Hero: folds
a720dd20: folds
f77c5a21: folds
1fdd9523: folds
Uncalled bet (80) returned to ed43dc7a
*** SHOWDOWN ***
ed43dc7a collected 320 from pot
*** SUMMARY ***
Total pot 320 | Rake 0 | Jackpot 0 | Bingo 0 | Fortune 0 | Tax 0
Seat 1: f77c5a21 (button) folded before Flop
Seat 2: 1fdd9523 (small blind) folded before Flop
Seat 3: ed43dc7a (big blind) collected (320)
Seat 4: ecea6d7a folded before Flop
Seat 5: db29cb25 folded before Flop
Seat 6: cb1ebeee folded before Flop
Seat 7: Hero folded before Flop
Seat 8: a720dd20 folded before Flop


Poker Hand #TM5359548432: Tournament #249768082, Sunday Monster Stack $25 Hold'em No Limit - Level3(80/160) - 2025/12/21 22:29:22
Table '65' 8-max Seat #8 is the button
Seat 1: f77c5a21 (29,780 in chips)
Seat 2: 1fdd9523 (34,900 in chips)
Seat 3: ed43dc7a (27,502 in chips)
Seat 4: ecea6d7a (28,769 in chips)
Seat 5: db29cb25 (40,236 in chips)
Seat 6: cb1ebeee (24,235 in chips)
Seat 7: Hero (27,876 in chips)
Seat 8: a720dd20 (36,222 in chips)
ed43dc7a: posts the ante 20
a720dd20: posts the ante 20
cb1ebeee: posts the ante 20
Hero: posts the ante 20
ecea6d7a: posts the ante 20
db29cb25: posts the ante 20
1fdd9523: posts the ante 20
f77c5a21: posts the ante 20
f77c5a21: posts small blind 80
1fdd9523: posts big blind 160
*** HOLE CARDS ***
Dealt to f77c5a21 
Dealt to 1fdd9523 
Dealt to ed43dc7a 
Dealt to ecea6d7a 
Dealt to db29cb25 
Dealt to cb1ebeee 
Dealt to Hero [Td 3h]
Dealt to a720dd20 
ed43dc7a: folds
ecea6d7a: folds
db29cb25: folds
cb1ebeee: raises 208 to 368
Hero: folds
a720dd20: folds
f77c5a21: folds
1fdd9523: calls 208
*** FLOP *** [Kd 7c 6s]
1fdd9523: checks
cb1ebeee: bets 488
1fdd9523: folds
Uncalled bet (488) returned to cb1ebeee
*** SHOWDOWN ***
cb1ebeee collected 976 from pot
*** SUMMARY ***
Total pot 976 | Rake 0 | Jackpot 0 | Bingo 0 | Fortune 0 | Tax 0
Board [Kd 7c 6s]
Seat 1: f77c5a21 (small blind) folded before Flop
Seat 2: 1fdd9523 (big blind) folded on the Flop
Seat 3: ed43dc7a folded before Flop
Seat 4: ecea6d7a folded before Flop
Seat 5: db29cb25 folded before Flop
Seat 6: cb1ebeee won (976)
Seat 7: Hero folded before Flop
Seat 8: a720dd20 (button) folded before Flop


Poker Hand #TM5359548350: Tournament #249768082, Sunday Monster Stack $25 Hold'em No Limit - Level3(80/160) - 2025/12/21 22:27:59
Table '65' 8-max Seat #7 is the button
Seat 1: f77c5a21 (29,960 in chips)
Seat 2: 1fdd9523 (30,000 in chips)
Seat 3: ed43dc7a (27,682 in chips)
Seat 4: ecea6d7a (28,789 in chips)
Seat 5: db29cb25 (40,416 in chips)
Seat 6: cb1ebeee (28,455 in chips)
Seat 7: Hero (27,896 in chips)
Seat 8: a720dd20 (36,322 in chips)
ed43dc7a: posts the ante 20
a720dd20: posts the ante 20
cb1ebeee: posts the ante 20
Hero: posts the ante 20
ecea6d7a: posts the ante 20
db29cb25: posts the ante 20
1fdd9523: posts the ante 20
f77c5a21: posts the ante 20
a720dd20: posts small blind 80
f77c5a21: posts big blind 160
*** HOLE CARDS ***
Dealt to f77c5a21 
Dealt to 1fdd9523 
Dealt to ed43dc7a 
Dealt to ecea6d7a 
Dealt to db29cb25 
Dealt to cb1ebeee 
Dealt to Hero [4h 4d]
Dealt to a720dd20 
1fdd9523: calls 160
ed43dc7a: calls 160
ecea6d7a: folds
db29cb25: calls 160
cb1ebeee: raises 1,760 to 1,920
Hero: folds
a720dd20: folds
f77c5a21: folds
1fdd9523: calls 1,760
ed43dc7a: folds
db29cb25: folds
*** FLOP *** [7h Qc 8c]
1fdd9523: checks
cb1ebeee: bets 2,280
1fdd9523: calls 2,280
*** TURN *** [7h Qc 8c] [Ac]
1fdd9523: bets 3,010
cb1ebeee: folds
Uncalled bet (3,010) returned to 1fdd9523
*** SHOWDOWN ***
1fdd9523 collected 9,120 from pot
*** SUMMARY ***
Total pot 9,120 | Rake 0 | Jackpot 0 | Bingo 0 | Fortune 0 | Tax 0
Board [7h Qc 8c Ac]
Seat 1: f77c5a21 (big blind) folded before Flop
Seat 2: 1fdd9523 won (9,120)
Seat 3: ed43dc7a folded before Flop
Seat 4: ecea6d7a folded before Flop
Seat 5: db29cb25 folded before Flop
Seat 6: cb1ebeee folded on the Turn
Seat 7: Hero (button) folded before Flop
Seat 8: a720dd20 (small blind) folded before Flop


Poker Hand #TM5359548316: Tournament #249768082, Sunday Monster Stack $25 Hold'em No Limit - Level3(80/160) - 2025/12/21 22:27:27
Table '65' 8-max Seat #6 is the button
Seat 1: f77c5a21 (29,980 in chips)
Seat 3: ed43dc7a (27,702 in chips)
Seat 4: ecea6d7a (28,809 in chips)
Seat 5: db29cb25 (40,436 in chips)
Seat 6: cb1ebeee (28,795 in chips)
Seat 7: Hero (27,996 in chips)
Seat 8: a720dd20 (35,802 in chips)
ed43dc7a: posts the ante 20
a720dd20: posts the ante 20
cb1ebeee: posts the ante 20
Hero: posts the ante 20
ecea6d7a: posts the ante 20
db29cb25: posts the ante 20
f77c5a21: posts the ante 20
Hero: posts small blind 80
a720dd20: posts big blind 160
*** HOLE CARDS ***
Dealt to f77c5a21 
Dealt to ed43dc7a 
Dealt to ecea6d7a 
Dealt to db29cb25 
Dealt to cb1ebeee 
Dealt to Hero [6d 9h]
Dealt to a720dd20 
f77c5a21: folds
ed43dc7a: folds
ecea6d7a: folds
db29cb25: folds
cb1ebeee: raises 160 to 320
Hero: folds
a720dd20: raises 1,200 to 1,520
cb1ebeee: folds
Uncalled bet (1,200) returned to a720dd20
*** SHOWDOWN ***
a720dd20 collected 860 from pot
*** SUMMARY ***
Total pot 860 | Rake 0 | Jackpot 0 | Bingo 0 | Fortune 0 | Tax 0
Seat 1: f77c5a21 folded before Flop
Seat 3: ed43dc7a folded before Flop
Seat 4: ecea6d7a folded before Flop
Seat 5: db29cb25 folded before Flop
Seat 6: cb1ebeee (button) folded before Flop
Seat 7: Hero (small blind) folded before Flop
Seat 8: a720dd20 (big blind) collected (860)


Poker Hand #TM5359548300: Tournament #249768082, Sunday Monster Stack $25 Hold'em No Limit - Level3(80/160) - 2025/12/21 22:27:12
Table '65' 8-max Seat #5 is the button
Seat 1: f77c5a21 (30,000 in chips)
Seat 5: db29cb25 (40,456 in chips)
Seat 6: cb1ebeee (28,895 in chips)
Seat 7: Hero (27,836 in chips)
Seat 8: a720dd20 (35,822 in chips)
cb1ebeee: posts the ante 20
a720dd20: posts the ante 20
Hero: posts the ante 20
db29cb25: posts the ante 20
f77c5a21: posts the ante 20
cb1ebeee: posts small blind 80
Hero: posts big blind 160
*** HOLE CARDS ***
Dealt to f77c5a21 
Dealt to db29cb25 
Dealt to cb1ebeee 
Dealt to Hero [Ah 8d]
Dealt to a720dd20 
a720dd20: folds
f77c5a21: folds
db29cb25: folds
cb1ebeee: folds
Uncalled bet (80) returned to Hero
*** SHOWDOWN ***
Hero collected 260 from pot
*** SUMMARY ***
Total pot 260 | Rake 0 | Jackpot 0 | Bingo 0 | Fortune 0 | Tax 0
Seat 1: f77c5a21 folded before Flop
Seat 5: db29cb25 (button) folded before Flop
Seat 6: cb1ebeee (small blind) folded before Flop
Seat 7: Hero (big blind) collected (260)
Seat 8: a720dd20 folded before Flop


Poker Hand #TM5360243899: Tournament #249768082, Sunday Monster Stack $25 Hold'em No Limit - Level3(80/160) - 2025/12/21 22:26:37
Table '36' 8-max Seat #7 is the button
Seat 1: 4a2eadc (31,780 in chips)
Seat 2: Hero (28,176 in chips)
Seat 3: ca5fb0b4 (29,162 in chips)
Seat 4: e45f6d08 (29,680 in chips)
Seat 5: a96661ba (27,660 in chips)
Seat 6: 5c65594a (30,000 in chips)
Seat 7: 6866f68a (29,389 in chips)
Seat 8: 459c57e9 (28,918 in chips)
e45f6d08: posts the ante 20
a96661ba: posts the ante 20
5c65594a: posts the ante 20
459c57e9: posts the ante 20
Hero: posts the ante 20
ca5fb0b4: posts the ante 20
4a2eadc: posts the ante 20
6866f68a: posts the ante 20
459c57e9: posts small blind 80
4a2eadc: posts big blind 160
*** HOLE CARDS ***
Dealt to 4a2eadc 
Dealt to Hero [Ac Td]
Dealt to ca5fb0b4 
Dealt to e45f6d08 
Dealt to a96661ba 
Dealt to 5c65594a 
Dealt to 6866f68a 
Dealt to 459c57e9 
Hero: raises 160 to 320
ca5fb0b4: folds
e45f6d08: raises 780 to 1,100
a96661ba: folds
5c65594a: folds
6866f68a: folds
459c57e9: folds
4a2eadc: folds
Hero: folds
Uncalled bet (780) returned to e45f6d08
*** SHOWDOWN ***
e45f6d08 collected 1,040 from pot
*** SUMMARY ***
Total pot 1,040 | Rake 0 | Jackpot 0 | Bingo 0 | Fortune 0 | Tax 0
Seat 1: 4a2eadc (big blind) folded before Flop
Seat 2: Hero folded before Flop
Seat 3: ca5fb0b4 folded before Flop
Seat 4: e45f6d08 collected (1,040)
Seat 5: a96661ba folded before Flop
Seat 6: 5c65594a folded before Flop
Seat 7: 6866f68a (button) folded before Flop
Seat 8: 459c57e9 (small blind) folded before Flop


Poker Hand #TM5360243825: Tournament #249768082, Sunday Monster Stack $25 Hold'em No Limit - Level3(80/160) - 2025/12/21 22:25:14
Table '36' 8-max Seat #5 is the button
Seat 1: 4a2eadc (29,328 in chips)
Seat 2: Hero (28,196 in chips)
Seat 3: ca5fb0b4 (29,182 in chips)
Seat 4: e45f6d08 (29,700 in chips)
Seat 5: a96661ba (27,680 in chips)
Seat 7: 6866f68a (29,489 in chips)
Seat 8: 459c57e9 (31,190 in chips)
e45f6d08: posts the ante 20
a96661ba: posts the ante 20
459c57e9: posts the ante 20
Hero: posts the ante 20
ca5fb0b4: posts the ante 20
4a2eadc: posts the ante 20
6866f68a: posts the ante 20
6866f68a: posts small blind 80
459c57e9: posts big blind 160
*** HOLE CARDS ***
Dealt to 4a2eadc 
Dealt to Hero [Ac 3h]
Dealt to ca5fb0b4 
Dealt to e45f6d08 
Dealt to a96661ba 
Dealt to 6866f68a 
Dealt to 459c57e9 
4a2eadc: raises 160 to 320
Hero: folds
ca5fb0b4: folds
e45f6d08: folds
a96661ba: folds
6866f68a: folds
459c57e9: calls 160
*** FLOP *** [Jc 2c Jd]
459c57e9: checks
4a2eadc: bets 215
459c57e9: raises 585 to 800
4a2eadc: raises 1,132 to 1,932
459c57e9: calls 1,132
*** TURN *** [Jc 2c Jd] [Qs]
459c57e9: checks
4a2eadc: bets 2,602
459c57e9: folds
Uncalled bet (2,602) returned to 4a2eadc
*** SHOWDOWN ***
4a2eadc collected 4,724 from pot
*** SUMMARY ***
Total pot 4,724 | Rake 0 | Jackpot 0 | Bingo 0 | Fortune 0 | Tax 0
Board [Jc 2c Jd Qs]
Seat 1: 4a2eadc won (4,724)
Seat 2: Hero folded before Flop
Seat 3: ca5fb0b4 folded before Flop
Seat 4: e45f6d08 folded before Flop
Seat 5: a96661ba (button) folded before Flop
Seat 7: 6866f68a (small blind) folded before Flop
Seat 8: 459c57e9 (big blind) folded on the Turn


Poker Hand #TM5360243749: Tournament #249768082, Sunday Monster Stack $25 Hold'em No Limit - Level2(60/120) - 2025/12/21 22:23:56
Table '36' 8-max Seat #4 is the button
Seat 1: 4a2eadc (29,343 in chips)
Seat 2: Hero (29,783 in chips)
Seat 3: ca5fb0b4 (29,197 in chips)
Seat 4: e45f6d08 (29,715 in chips)
Seat 5: a96661ba (27,755 in chips)
Seat 7: 6866f68a (27,527 in chips)
Seat 8: 459c57e9 (31,445 in chips)
e45f6d08: posts the ante 15
a96661ba: posts the ante 15
459c57e9: posts the ante 15
Hero: posts the ante 15
ca5fb0b4: posts the ante 15
4a2eadc: posts the ante 15
6866f68a: posts the ante 15
a96661ba: posts small blind 60
6866f68a: posts big blind 120
*** HOLE CARDS ***
Dealt to 4a2eadc 
Dealt to Hero [Qh Ac]
Dealt to ca5fb0b4 
Dealt to e45f6d08 
Dealt to a96661ba 
Dealt to 6866f68a 
Dealt to 459c57e9 
459c57e9: raises 120 to 240
4a2eadc: folds
Hero: raises 480 to 720
ca5fb0b4: folds
e45f6d08: folds
a96661ba: folds
6866f68a: calls 600
459c57e9: folds
*** FLOP *** [5c 4c 7d]
6866f68a: checks
Hero: bets 852
6866f68a: calls 852
*** TURN *** [5c 4c 7d] [Jc]
6866f68a: checks
Hero: checks
*** RIVER *** [5c 4c 7d Jc] [Qs]
6866f68a: bets 25,940 and is all-in
Hero: folds
Uncalled bet (25,940) returned to 6866f68a
*** SHOWDOWN ***
6866f68a collected 3,549 from pot
*** SUMMARY ***
Total pot 3,549 | Rake 0 | Jackpot 0 | Bingo 0 | Fortune 0 | Tax 0
Board [5c 4c 7d Jc Qs]
Seat 1: 4a2eadc folded before Flop
Seat 2: Hero folded on the River
Seat 3: ca5fb0b4 folded before Flop
Seat 4: e45f6d08 (button) folded before Flop
Seat 5: a96661ba (small blind) folded before Flop
Seat 7: 6866f68a (big blind) won (3,549)
Seat 8: 459c57e9 folded before Flop


Poker Hand #TM5360243668: Tournament #249768082, Sunday Monster Stack $25 Hold'em No Limit - Level2(60/120) - 2025/12/21 22:22:39
Table '36' 8-max Seat #3 is the button
Seat 1: 4a2eadc (29,358 in chips)
Seat 2: Hero (30,290 in chips)
Seat 3: ca5fb0b4 (29,212 in chips)
Seat 4: e45f6d08 (29,790 in chips)
Seat 5: a96661ba (27,890 in chips)
Seat 6: b4c7553d (33,190 in chips)
Seat 7: 6866f68a (27,542 in chips)
Seat 8: 459c57e9 (31,460 in chips)
e45f6d08: posts the ante 15
a96661ba: posts the ante 15
459c57e9: posts the ante 15
Hero: posts the ante 15
ca5fb0b4: posts the ante 15
4a2eadc: posts the ante 15
6866f68a: posts the ante 15
b4c7553d: posts the ante 15
e45f6d08: posts small blind 60
a96661ba: posts big blind 120
*** HOLE CARDS ***
Dealt to 4a2eadc 
Dealt to Hero [Ad 3d]
Dealt to ca5fb0b4 
Dealt to e45f6d08 
Dealt to a96661ba 
Dealt to b4c7553d 
Dealt to 6866f68a 
Dealt to 459c57e9 
b4c7553d: raises 120 to 240
6866f68a: folds
459c57e9: folds
4a2eadc: folds
Hero: calls 240
ca5fb0b4: folds
e45f6d08: folds
a96661ba: folds
*** FLOP *** [Td Js 2s]
b4c7553d: checks
Hero: checks
*** TURN *** [Td Js 2s] [5c]
b4c7553d: checks
Hero: bets 252
b4c7553d: calls 252
*** RIVER *** [Td Js 2s 5c] [Kd]
b4c7553d: checks
Hero: checks
b4c7553d: shows [6h 5h] (a pair of Fives)
Hero: shows [Ad 3d] (Ace high)
*** SHOWDOWN ***
b4c7553d collected 1,284 from pot
*** SUMMARY ***
Total pot 1,284 | Rake 0 | Jackpot 0 | Bingo 0 | Fortune 0 | Tax 0
Board [Td Js 2s 5c Kd]
Seat 1: 4a2eadc folded before Flop
Seat 2: Hero showed [Ad 3d] and lost with Ace high
Seat 3: ca5fb0b4 (button) folded before Flop
Seat 4: e45f6d08 (small blind) folded before Flop
Seat 5: a96661ba (big blind) folded before Flop
Seat 6: b4c7553d showed [6h 5h] and won (1,284) with a pair of Fives
Seat 7: 6866f68a folded before Flop
Seat 8: 459c57e9 folded before Flop


Poker Hand #TM5360243638: Tournament #249768082, Sunday Monster Stack $25 Hold'em No Limit - Level2(60/120) - 2025/12/21 22:22:13
Table '36' 8-max Seat #2 is the button
Seat 1: 4a2eadc (29,373 in chips)
Seat 2: Hero (30,305 in chips)
Seat 3: ca5fb0b4 (29,287 in chips)
Seat 4: e45f6d08 (29,925 in chips)
Seat 5: a96661ba (27,905 in chips)
Seat 6: b4c7553d (32,905 in chips)
Seat 7: 6866f68a (27,557 in chips)
Seat 8: 459c57e9 (31,475 in chips)
e45f6d08: posts the ante 15
a96661ba: posts the ante 15
459c57e9: posts the ante 15
Hero: posts the ante 15
ca5fb0b4: posts the ante 15
4a2eadc: posts the ante 15
6866f68a: posts the ante 15
b4c7553d: posts the ante 15
ca5fb0b4: posts small blind 60
e45f6d08: posts big blind 120
*** HOLE CARDS ***
Dealt to 4a2eadc 
Dealt to Hero [2c 9h]
Dealt to ca5fb0b4 
Dealt to e45f6d08 
Dealt to a96661ba 
Dealt to b4c7553d 
Dealt to 6866f68a 
Dealt to 459c57e9 
a96661ba: folds
b4c7553d: raises 120 to 240
6866f68a: folds
459c57e9: folds
4a2eadc: folds
Hero: folds
ca5fb0b4: folds
e45f6d08: folds
Uncalled bet (120) returned to b4c7553d
*** SHOWDOWN ***
b4c7553d collected 420 from pot
*** SUMMARY ***
Total pot 420 | Rake 0 | Jackpot 0 | Bingo 0 | Fortune 0 | Tax 0
Seat 1: 4a2eadc folded before Flop
Seat 2: Hero (button) folded before Flop
Seat 3: ca5fb0b4 (small blind) folded before Flop
Seat 4: e45f6d08 (big blind) folded before Flop
Seat 5: a96661ba folded before Flop
Seat 6: b4c7553d collected (420)
Seat 7: 6866f68a folded before Flop
Seat 8: 459c57e9 folded before Flop


Poker Hand #TM5360243565: Tournament #249768082, Sunday Monster Stack $25 Hold'em No Limit - Level2(60/120) - 2025/12/21 22:20:49
Table '36' 8-max Seat #1 is the button
Seat 1: 4a2eadc (29,388 in chips)
Seat 2: Hero (30,380 in chips)
Seat 3: ca5fb0b4 (29,422 in chips)
Seat 4: e45f6d08 (29,940 in chips)
Seat 5: a96661ba (31,700 in chips)
Seat 6: b4c7553d (28,840 in chips)
Seat 7: 6866f68a (27,572 in chips)
Seat 8: 459c57e9 (31,490 in chips)
e45f6d08: posts the ante 15
a96661ba: posts the ante 15
459c57e9: posts the ante 15
Hero: posts the ante 15
ca5fb0b4: posts the ante 15
4a2eadc: posts the ante 15
6866f68a: posts the ante 15
b4c7553d: posts the ante 15
Hero: posts small blind 60
ca5fb0b4: posts big blind 120
*** HOLE CARDS ***
Dealt to 4a2eadc 
Dealt to Hero [Ad 6c]
Dealt to ca5fb0b4 
Dealt to e45f6d08 
Dealt to a96661ba 
Dealt to b4c7553d 
Dealt to 6866f68a 
Dealt to 459c57e9 
e45f6d08: folds
a96661ba: raises 120 to 240
b4c7553d: raises 420 to 660
6866f68a: folds
459c57e9: folds
4a2eadc: folds
Hero: folds
ca5fb0b4: folds
a96661ba: calls 420
*** FLOP *** [As Qs 4h]
a96661ba: checks
b4c7553d: bets 780
a96661ba: calls 780
*** TURN *** [As Qs 4h] [5c]
a96661ba: checks
b4c7553d: bets 2,340
a96661ba: calls 2,340
*** RIVER *** [As Qs 4h 5c] [2h]
a96661ba: checks
b4c7553d: bets 5,640
a96661ba: folds
Uncalled bet (5,640) returned to b4c7553d
*** SHOWDOWN ***
b4c7553d collected 7,860 from pot
*** SUMMARY ***
Total pot 7,860 | Rake 0 | Jackpot 0 | Bingo 0 | Fortune 0 | Tax 0
Board [As Qs 4h 5c 2h]
Seat 1: 4a2eadc (button) folded before Flop
Seat 2: Hero (small blind) folded before Flop
Seat 3: ca5fb0b4 (big blind) folded before Flop
Seat 4: e45f6d08 folded before Flop
Seat 5: a96661ba folded on the River
Seat 6: b4c7553d won (7,860)
Seat 7: 6866f68a folded before Flop
Seat 8: 459c57e9 folded before Flop


Poker Hand #TM5360243515: Tournament #249768082, Sunday Monster Stack $25 Hold'em No Limit - Level2(60/120) - 2025/12/21 22:19:54
Table '36' 8-max Seat #8 is the button
Seat 1: 4a2eadc (29,679 in chips)
Seat 2: Hero (30,515 in chips)
Seat 3: ca5fb0b4 (29,437 in chips)
Seat 4: e45f6d08 (29,955 in chips)
Seat 5: a96661ba (31,991 in chips)
Seat 6: b4c7553d (28,855 in chips)
Seat 7: 6866f68a (26,795 in chips)
Seat 8: 459c57e9 (31,505 in chips)
e45f6d08: posts the ante 15
a96661ba: posts the ante 15
459c57e9: posts the ante 15
Hero: posts the ante 15
ca5fb0b4: posts the ante 15
4a2eadc: posts the ante 15
6866f68a: posts the ante 15
b4c7553d: posts the ante 15
4a2eadc: posts small blind 60
Hero: posts big blind 120
*** HOLE CARDS ***
Dealt to 4a2eadc 
Dealt to Hero [3c 9s]
Dealt to ca5fb0b4 
Dealt to e45f6d08 
Dealt to a96661ba 
Dealt to b4c7553d 
Dealt to 6866f68a 
Dealt to 459c57e9 
ca5fb0b4: folds
e45f6d08: folds
a96661ba: raises 156 to 276
b4c7553d: folds
6866f68a: calls 276
459c57e9: folds
4a2eadc: calls 216
Hero: folds
*** FLOP *** [Jh 2h 8h]
4a2eadc: checks
a96661ba: checks
6866f68a: bets 26,504 and is all-in
4a2eadc: folds
a96661ba: folds
Uncalled bet (26,504) returned to 6866f68a
*** SHOWDOWN ***
6866f68a collected 1,068 from pot
*** SUMMARY ***
Total pot 1,068 | Rake 0 | Jackpot 0 | Bingo 0 | Fortune 0 | Tax 0
Board [Jh 2h 8h]
Seat 1: 4a2eadc (small blind) folded on the Flop
Seat 2: Hero (big blind) folded before Flop
Seat 3: ca5fb0b4 folded before Flop
Seat 4: e45f6d08 folded before Flop
Seat 5: a96661ba folded on the Flop
Seat 6: b4c7553d folded before Flop
Seat 7: 6866f68a won (1,068)
Seat 8: 459c57e9 (button) folded before Flop


Poker Hand #TM5360243447: Tournament #249768082, Sunday Monster Stack $25 Hold'em No Limit - Level2(60/120) - 2025/12/21 22:18:35
Table '36' 8-max Seat #7 is the button
Seat 1: 4a2eadc (29,814 in chips)
Seat 2: Hero (30,530 in chips)
Seat 3: ca5fb0b4 (29,452 in chips)
Seat 4: e45f6d08 (29,970 in chips)
Seat 5: a96661ba (32,006 in chips)
Seat 6: b4c7553d (28,870 in chips)
Seat 7: 6866f68a (26,810 in chips)
Seat 8: 459c57e9 (31,280 in chips)
e45f6d08: posts the ante 15
a96661ba: posts the ante 15
459c57e9: posts the ante 15
Hero: posts the ante 15
ca5fb0b4: posts the ante 15
4a2eadc: posts the ante 15
6866f68a: posts the ante 15
b4c7553d: posts the ante 15
459c57e9: posts small blind 60
4a2eadc: posts big blind 120
*** HOLE CARDS ***
Dealt to 4a2eadc 
Dealt to Hero [3d 7h]
Dealt to ca5fb0b4 
Dealt to e45f6d08 
Dealt to a96661ba 
Dealt to b4c7553d 
Dealt to 6866f68a 
Dealt to 459c57e9 
Hero: folds
ca5fb0b4: folds
e45f6d08: folds
a96661ba: folds
b4c7553d: folds
6866f68a: folds
459c57e9: calls 60
4a2eadc: checks
*** FLOP *** [7d Qh Jh]
459c57e9: bets 270
4a2eadc: folds
Uncalled bet (270) returned to 459c57e9
*** SHOWDOWN ***
459c57e9 collected 360 from pot
*** SUMMARY ***
Total pot 360 | Rake 0 | Jackpot 0 | Bingo 0 | Fortune 0 | Tax 0
Board [7d Qh Jh]
Seat 1: 4a2eadc (big blind) folded on the Flop
Seat 2: Hero folded before Flop
Seat 3: ca5fb0b4 folded before Flop
Seat 4: e45f6d08 folded before Flop
Seat 5: a96661ba folded before Flop
Seat 6: b4c7553d folded before Flop
Seat 7: 6866f68a (button) folded before Flop
Seat 8: 459c57e9 (small blind) won (360)


Poker Hand #TM5360243343: Tournament #249768082, Sunday Monster Stack $25 Hold'em No Limit - Level2(60/120) - 2025/12/21 22:16:57
Table '36' 8-max Seat #6 is the button
Seat 1: 4a2eadc (30,993 in chips)
Seat 2: Hero (29,081 in chips)
Seat 3: ca5fb0b4 (29,467 in chips)
Seat 4: e45f6d08 (29,985 in chips)
Seat 5: a96661ba (32,021 in chips)
Seat 6: b4c7553d (28,885 in chips)
Seat 7: 6866f68a (26,885 in chips)
Seat 8: 459c57e9 (31,415 in chips)
e45f6d08: posts the ante 15
a96661ba: posts the ante 15
459c57e9: posts the ante 15
Hero: posts the ante 15
ca5fb0b4: posts the ante 15
4a2eadc: posts the ante 15
6866f68a: posts the ante 15
b4c7553d: posts the ante 15
6866f68a: posts small blind 60
459c57e9: posts big blind 120
*** HOLE CARDS ***
Dealt to 4a2eadc 
Dealt to Hero [Tc Ts]
Dealt to ca5fb0b4 
Dealt to e45f6d08 
Dealt to a96661ba 
Dealt to b4c7553d 
Dealt to 6866f68a 
Dealt to 459c57e9 
4a2eadc: raises 120 to 240
Hero: raises 480 to 720
ca5fb0b4: folds
e45f6d08: folds
a96661ba: folds
b4c7553d: folds
6866f68a: folds
459c57e9: folds
4a2eadc: calls 480
*** FLOP *** [Th 9c 6d]
4a2eadc: checks
Hero: bets 444
4a2eadc: calls 444
*** TURN *** [Th 9c 6d] [Kh]
4a2eadc: checks
Hero: bets 2,052
4a2eadc: folds
Uncalled bet (2,052) returned to Hero
*** SHOWDOWN ***
Hero collected 2,628 from pot
*** SUMMARY ***
Total pot 2,628 | Rake 0 | Jackpot 0 | Bingo 0 | Fortune 0 | Tax 0
Board [Th 9c 6d Kh]
Seat 1: 4a2eadc folded on the Turn
Seat 2: Hero won (2,628)
Seat 3: ca5fb0b4 folded before Flop
Seat 4: e45f6d08 folded before Flop
Seat 5: a96661ba folded before Flop
Seat 6: b4c7553d (button) folded before Flop
Seat 7: 6866f68a (small blind) folded before Flop
Seat 8: 459c57e9 (big blind) folded before Flop


Poker Hand #TM5360243258: Tournament #249768082, Sunday Monster Stack $25 Hold'em No Limit - Level2(60/120) - 2025/12/21 22:15:23
Table '36' 8-max Seat #5 is the button
Seat 1: 4a2eadc (31,008 in chips)
Seat 2: Hero (28,676 in chips)
Seat 3: ca5fb0b4 (29,482 in chips)
Seat 4: e45f6d08 (30,000 in chips)
Seat 5: a96661ba (32,036 in chips)
Seat 6: b4c7553d (28,960 in chips)
Seat 7: 6866f68a (27,140 in chips)
Seat 8: 459c57e9 (31,430 in chips)
e45f6d08: posts the ante 15
a96661ba: posts the ante 15
459c57e9: posts the ante 15
Hero: posts the ante 15
ca5fb0b4: posts the ante 15
4a2eadc: posts the ante 15
6866f68a: posts the ante 15
b4c7553d: posts the ante 15
b4c7553d: posts small blind 60
6866f68a: posts big blind 120
*** HOLE CARDS ***
Dealt to 4a2eadc 
Dealt to Hero [2h 2c]
Dealt to ca5fb0b4 
Dealt to e45f6d08 
Dealt to a96661ba 
Dealt to b4c7553d 
Dealt to 6866f68a 
Dealt to 459c57e9 
459c57e9: folds
4a2eadc: folds
Hero: raises 120 to 240
ca5fb0b4: folds
e45f6d08: folds
a96661ba: folds
b4c7553d: folds
6866f68a: calls 120
*** FLOP *** [8s 6h 8d]
6866f68a: checks
Hero: checks
*** TURN *** [8s 6h 8d] [3s]
6866f68a: checks
Hero: checks
*** RIVER *** [8s 6h 8d 3s] [2s]
6866f68a: checks
Hero: bets 252
6866f68a: folds
Uncalled bet (252) returned to Hero
*** SHOWDOWN ***
Hero collected 660 from pot
*** SUMMARY ***
Total pot 660 | Rake 0 | Jackpot 0 | Bingo 0 | Fortune 0 | Tax 0
Board [8s 6h 8d 3s 2s]
Seat 1: 4a2eadc folded before Flop
Seat 2: Hero won (660)
Seat 3: ca5fb0b4 folded before Flop
Seat 4: e45f6d08 folded before Flop
Seat 5: a96661ba (button) folded before Flop
Seat 6: b4c7553d (small blind) folded before Flop
Seat 7: 6866f68a (big blind) folded on the River
Seat 8: 459c57e9 folded before Flop


Poker Hand #TM5360243233: Tournament #249768082, Sunday Monster Stack $25 Hold'em No Limit - Level1(50/100) - 2025/12/21 22:14:58
Table '36' 8-max Seat #3 is the button
Seat 1: 4a2eadc (31,020 in chips)
Seat 2: Hero (28,688 in chips)
Seat 3: ca5fb0b4 (29,260 in chips)
Seat 5: a96661ba (32,098 in chips)
Seat 6: b4c7553d (29,072 in chips)
Seat 7: 6866f68a (27,152 in chips)
Seat 8: 459c57e9 (31,442 in chips)
a96661ba: posts the ante 12
459c57e9: posts the ante 12
Hero: posts the ante 12
ca5fb0b4: posts the ante 12
4a2eadc: posts the ante 12
6866f68a: posts the ante 12
b4c7553d: posts the ante 12
a96661ba: posts small blind 50
b4c7553d: posts big blind 100
*** HOLE CARDS ***
Dealt to 4a2eadc 
Dealt to Hero [8s Kc]
Dealt to ca5fb0b4 
Dealt to a96661ba 
Dealt to b4c7553d 
Dealt to 6866f68a 
Dealt to 459c57e9 
6866f68a: folds
459c57e9: folds
4a2eadc: folds
Hero: folds
ca5fb0b4: raises 129 to 229
a96661ba: folds
b4c7553d: folds
Uncalled bet (129) returned to ca5fb0b4
*** SHOWDOWN ***
ca5fb0b4 collected 334 from pot
*** SUMMARY ***
Total pot 334 | Rake 0 | Jackpot 0 | Bingo 0 | Fortune 0 | Tax 0
Seat 1: 4a2eadc folded before Flop
Seat 2: Hero folded before Flop
Seat 3: ca5fb0b4 (button) collected (334)
Seat 5: a96661ba (small blind) folded before Flop
Seat 6: b4c7553d (big blind) folded before Flop
Seat 7: 6866f68a folded before Flop
Seat 8: 459c57e9 folded before Flop


Poker Hand #TM5360243192: Tournament #249768082, Sunday Monster Stack $25 Hold'em No Limit - Level1(50/100) - 2025/12/21 22:14:11
Table '36' 8-max Seat #2 is the button
Seat 1: 4a2eadc (30,098 in chips)
Seat 2: Hero (28,700 in chips)
Seat 3: ca5fb0b4 (29,322 in chips)
Seat 5: a96661ba (32,210 in chips)
Seat 6: b4c7553d (29,084 in chips)
Seat 7: 6866f68a (27,864 in chips)
Seat 8: 459c57e9 (31,454 in chips)
a96661ba: posts the ante 12
459c57e9: posts the ante 12
Hero: posts the ante 12
ca5fb0b4: posts the ante 12
4a2eadc: posts the ante 12
6866f68a: posts the ante 12
b4c7553d: posts the ante 12
ca5fb0b4: posts small blind 50
a96661ba: posts big blind 100
*** HOLE CARDS ***
Dealt to 4a2eadc 
Dealt to Hero [Kd 4h]
Dealt to ca5fb0b4 
Dealt to a96661ba 
Dealt to b4c7553d 
Dealt to 6866f68a 
Dealt to 459c57e9 
b4c7553d: folds
6866f68a: raises 100 to 200
459c57e9: folds
4a2eadc: raises 500 to 700
Hero: folds
ca5fb0b4: folds
a96661ba: folds
6866f68a: calls 500
*** FLOP *** [Qs 6c Td]
6866f68a: checks
4a2eadc: bets 540
6866f68a: folds
Uncalled bet (540) returned to 4a2eadc
*** SHOWDOWN ***
4a2eadc collected 1,634 from pot
*** SUMMARY ***
Total pot 1,634 | Rake 0 | Jackpot 0 | Bingo 0 | Fortune 0 | Tax 0
Board [Qs 6c Td]
Seat 1: 4a2eadc won (1,634)
Seat 2: Hero (button) folded before Flop
Seat 3: ca5fb0b4 (small blind) folded before Flop
Seat 5: a96661ba (big blind) folded before Flop
Seat 6: b4c7553d folded before Flop
Seat 7: 6866f68a folded on the Flop
Seat 8: 459c57e9 folded before Flop


Poker Hand #TM5360243129: Tournament #249768082, Sunday Monster Stack $25 Hold'em No Limit - Level1(50/100) - 2025/12/21 22:13:02
Table '36' 8-max Seat #1 is the button
Seat 1: 4a2eadc (30,110 in chips)
Seat 2: Hero (28,220 in chips)
Seat 3: ca5fb0b4 (29,730 in chips)
Seat 4: 6bc03683 (31,280 in chips)
Seat 5: a96661ba (32,222 in chips)
Seat 6: b4c7553d (29,096 in chips)
Seat 7: 6866f68a (27,876 in chips)
Seat 8: 459c57e9 (31,466 in chips)
a96661ba: posts the ante 12
459c57e9: posts the ante 12
Hero: posts the ante 12
ca5fb0b4: posts the ante 12
6bc03683: posts the ante 12
4a2eadc: posts the ante 12
6866f68a: posts the ante 12
b4c7553d: posts the ante 12
Hero: posts small blind 50
ca5fb0b4: posts big blind 100
*** HOLE CARDS ***
Dealt to 4a2eadc 
Dealt to Hero [7s 8d]
Dealt to ca5fb0b4 
Dealt to 6bc03683 
Dealt to a96661ba 
Dealt to b4c7553d 
Dealt to 6866f68a 
Dealt to 459c57e9 
6bc03683: folds
a96661ba: folds
b4c7553d: folds
6866f68a: folds
459c57e9: folds
4a2eadc: folds
Hero: calls 50
ca5fb0b4: checks
*** FLOP *** [2d 7c 9h]
Hero: checks
ca5fb0b4: checks
*** TURN *** [2d 7c 9h] [7h]
Hero: checks
ca5fb0b4: checks
*** RIVER *** [2d 7c 9h 7h] [4s]
Hero: bets 296
ca5fb0b4: calls 296
Hero: shows [7s 8d] (three of a kind, Sevens)
ca5fb0b4: shows [4h 3s] (two pair, Sevens and Fours)
*** SHOWDOWN ***
Hero collected 888 from pot
*** SUMMARY ***
Total pot 888 | Rake 0 | Jackpot 0 | Bingo 0 | Fortune 0 | Tax 0
Board [2d 7c 9h 7h 4s]
Seat 1: 4a2eadc (button) folded before Flop
Seat 2: Hero (small blind) showed [7s 8d] and won (888) with three of a kind, Sevens
Seat 3: ca5fb0b4 (big blind) showed [4h 3s] and lost with two pair, Sevens and Fours
Seat 4: 6bc03683 folded before Flop
Seat 5: a96661ba folded before Flop
Seat 6: b4c7553d folded before Flop
Seat 7: 6866f68a folded before Flop
Seat 8: 459c57e9 folded before Flop


Poker Hand #TM5360243095: Tournament #249768082, Sunday Monster Stack $25 Hold'em No Limit - Level1(50/100) - 2025/12/21 22:12:25
Table '36' 8-max Seat #8 is the button
Seat 1: 4a2eadc (30,172 in chips)
Seat 2: Hero (28,332 in chips)
Seat 3: ca5fb0b4 (29,742 in chips)
Seat 4: 6bc03683 (31,292 in chips)
Seat 5: a96661ba (32,234 in chips)
Seat 6: b4c7553d (29,108 in chips)
Seat 7: 6866f68a (27,642 in chips)
Seat 8: 459c57e9 (31,478 in chips)
a96661ba: posts the ante 12
459c57e9: posts the ante 12
Hero: posts the ante 12
ca5fb0b4: posts the ante 12
6bc03683: posts the ante 12
4a2eadc: posts the ante 12
6866f68a: posts the ante 12
b4c7553d: posts the ante 12
4a2eadc: posts small blind 50
Hero: posts big blind 100
*** HOLE CARDS ***
Dealt to 4a2eadc 
Dealt to Hero [4h Td]
Dealt to ca5fb0b4 
Dealt to 6bc03683 
Dealt to a96661ba 
Dealt to b4c7553d 
Dealt to 6866f68a 
Dealt to 459c57e9 
ca5fb0b4: folds
6bc03683: folds
a96661ba: folds
b4c7553d: folds
6866f68a: raises 100 to 200
459c57e9: folds
4a2eadc: folds
Hero: folds
Uncalled bet (100) returned to 6866f68a
*** SHOWDOWN ***
6866f68a collected 346 from pot
*** SUMMARY ***
Total pot 346 | Rake 0 | Jackpot 0 | Bingo 0 | Fortune 0 | Tax 0
Seat 1: 4a2eadc (small blind) folded before Flop
Seat 2: Hero (big blind) folded before Flop
Seat 3: ca5fb0b4 folded before Flop
Seat 4: 6bc03683 folded before Flop
Seat 5: a96661ba folded before Flop
Seat 6: b4c7553d folded before Flop
Seat 7: 6866f68a collected (346)
Seat 8: 459c57e9 (button) folded before Flop


Poker Hand #TM5360243032: Tournament #249768082, Sunday Monster Stack $25 Hold'em No Limit - Level1(50/100) - 2025/12/21 22:11:19
Table '36' 8-max Seat #7 is the button
Seat 1: 4a2eadc (30,284 in chips)
Seat 2: Hero (28,344 in chips)
Seat 3: ca5fb0b4 (29,754 in chips)
Seat 4: 6bc03683 (31,304 in chips)
Seat 5: a96661ba (32,246 in chips)
Seat 6: b4c7553d (30,220 in chips)
Seat 7: 6866f68a (27,654 in chips)
Seat 8: 459c57e9 (30,194 in chips)
a96661ba: posts the ante 12
459c57e9: posts the ante 12
Hero: posts the ante 12
ca5fb0b4: posts the ante 12
6bc03683: posts the ante 12
4a2eadc: posts the ante 12
6866f68a: posts the ante 12
b4c7553d: posts the ante 12
459c57e9: posts small blind 50
4a2eadc: posts big blind 100
*** HOLE CARDS ***
Dealt to 4a2eadc 
Dealt to Hero [3s 8c]
Dealt to ca5fb0b4 
Dealt to 6bc03683 
Dealt to a96661ba 
Dealt to b4c7553d 
Dealt to 6866f68a 
Dealt to 459c57e9 
Hero: folds
ca5fb0b4: folds
6bc03683: folds
a96661ba: folds
b4c7553d: raises 100 to 200
6866f68a: folds
459c57e9: raises 900 to 1,100
4a2eadc: folds
b4c7553d: calls 900
*** FLOP *** [7h Kh 9c]
459c57e9: bets 1,200
b4c7553d: folds
Uncalled bet (1,200) returned to 459c57e9
*** SHOWDOWN ***
459c57e9 collected 2,396 from pot
*** SUMMARY ***
Total pot 2,396 | Rake 0 | Jackpot 0 | Bingo 0 | Fortune 0 | Tax 0
Board [7h Kh 9c]
Seat 1: 4a2eadc (big blind) folded before Flop
Seat 2: Hero folded before Flop
Seat 3: ca5fb0b4 folded before Flop
Seat 4: 6bc03683 folded before Flop
Seat 5: a96661ba folded before Flop
Seat 6: b4c7553d folded on the Flop
Seat 7: 6866f68a (button) folded before Flop
Seat 8: 459c57e9 (small blind) won (2,396)


Poker Hand #TM5360243015: Tournament #249768082, Sunday Monster Stack $25 Hold'em No Limit - Level1(50/100) - 2025/12/21 22:10:56
Table '36' 8-max Seat #6 is the button
Seat 1: 4a2eadc (30,050 in chips)
Seat 2: Hero (28,356 in chips)
Seat 3: ca5fb0b4 (29,766 in chips)
Seat 4: 6bc03683 (31,316 in chips)
Seat 5: a96661ba (32,258 in chips)
Seat 6: b4c7553d (30,232 in chips)
Seat 7: 6866f68a (27,716 in chips)
Seat 8: 459c57e9 (30,306 in chips)
a96661ba: posts the ante 12
459c57e9: posts the ante 12
Hero: posts the ante 12
ca5fb0b4: posts the ante 12
6bc03683: posts the ante 12
4a2eadc: posts the ante 12
6866f68a: posts the ante 12
b4c7553d: posts the ante 12
6866f68a: posts small blind 50
459c57e9: posts big blind 100
*** HOLE CARDS ***
Dealt to 4a2eadc 
Dealt to Hero [Jh 7h]
Dealt to ca5fb0b4 
Dealt to 6bc03683 
Dealt to a96661ba 
Dealt to b4c7553d 
Dealt to 6866f68a 
Dealt to 459c57e9 
4a2eadc: raises 100 to 200
Hero: folds
ca5fb0b4: folds
6bc03683: folds
a96661ba: folds
b4c7553d: folds
6866f68a: folds
459c57e9: folds
Uncalled bet (100) returned to 4a2eadc
*** SHOWDOWN ***
4a2eadc collected 346 from pot
*** SUMMARY ***
Total pot 346 | Rake 0 | Jackpot 0 | Bingo 0 | Fortune 0 | Tax 0
Seat 1: 4a2eadc collected (346)
Seat 2: Hero folded before Flop
Seat 3: ca5fb0b4 folded before Flop
Seat 4: 6bc03683 folded before Flop
Seat 5: a96661ba folded before Flop
Seat 6: b4c7553d (button) folded before Flop
Seat 7: 6866f68a (small blind) folded before Flop
Seat 8: 459c57e9 (big blind) folded before Flop


Poker Hand #TM5360242937: Tournament #249768082, Sunday Monster Stack $25 Hold'em No Limit - Level1(50/100) - 2025/12/21 22:09:41
Table '36' 8-max Seat #5 is the button
Seat 1: 4a2eadc (30,062 in chips)
Seat 2: Hero (29,778 in chips)
Seat 3: ca5fb0b4 (29,778 in chips)
Seat 4: 6bc03683 (29,672 in chips)
Seat 5: a96661ba (32,270 in chips)
Seat 6: b4c7553d (30,294 in chips)
Seat 7: 6866f68a (27,828 in chips)
Seat 8: 459c57e9 (30,318 in chips)
a96661ba: posts the ante 12
459c57e9: posts the ante 12
Hero: posts the ante 12
ca5fb0b4: posts the ante 12
6bc03683: posts the ante 12
4a2eadc: posts the ante 12
6866f68a: posts the ante 12
b4c7553d: posts the ante 12
b4c7553d: posts small blind 50
6866f68a: posts big blind 100
*** HOLE CARDS ***
Dealt to 4a2eadc 
Dealt to Hero [5h 5d]
Dealt to ca5fb0b4 
Dealt to 6bc03683 
Dealt to a96661ba 
Dealt to b4c7553d 
Dealt to 6866f68a 
Dealt to 459c57e9 
459c57e9: folds
4a2eadc: folds
Hero: raises 100 to 200
ca5fb0b4: folds
6bc03683: raises 600 to 800
a96661ba: folds
b4c7553d: folds
6866f68a: folds
Hero: calls 600
*** FLOP *** [7h 7c Js]
Hero: checks
6bc03683: bets 610
Hero: calls 610
*** TURN *** [7h 7c Js] [3s]
Hero: checks
6bc03683: bets 2,500
Hero: folds
Uncalled bet (2,500) returned to 6bc03683
*** SHOWDOWN ***
6bc03683 collected 3,066 from pot
*** SUMMARY ***
Total pot 3,066 | Rake 0 | Jackpot 0 | Bingo 0 | Fortune 0 | Tax 0
Board [7h 7c Js 3s]
Seat 1: 4a2eadc folded before Flop
Seat 2: Hero folded on the Turn
Seat 3: ca5fb0b4 folded before Flop
Seat 4: 6bc03683 won (3,066)
Seat 5: a96661ba (button) folded before Flop
Seat 6: b4c7553d (small blind) folded before Flop
Seat 7: 6866f68a (big blind) folded before Flop
Seat 8: 459c57e9 folded before Flop


Poker Hand #TM5360242887: Tournament #249768082, Sunday Monster Stack $25 Hold'em No Limit - Level1(50/100) - 2025/12/21 22:08:52
Table '36' 8-max Seat #4 is the button
Seat 1: 4a2eadc (30,074 in chips)
Seat 2: Hero (29,790 in chips)
Seat 3: ca5fb0b4 (29,790 in chips)
Seat 4: 6bc03683 (29,684 in chips)
Seat 5: a96661ba (32,086 in chips)
Seat 6: b4c7553d (30,406 in chips)
Seat 7: 6866f68a (27,840 in chips)
Seat 8: 459c57e9 (30,330 in chips)
a96661ba: posts the ante 12
459c57e9: posts the ante 12
Hero: posts the ante 12
ca5fb0b4: posts the ante 12
6bc03683: posts the ante 12
4a2eadc: posts the ante 12
6866f68a: posts the ante 12
b4c7553d: posts the ante 12
a96661ba: posts small blind 50
b4c7553d: posts big blind 100
*** HOLE CARDS ***
Dealt to 4a2eadc 
Dealt to Hero [8c Ts]
Dealt to ca5fb0b4 
Dealt to 6bc03683 
Dealt to a96661ba 
Dealt to b4c7553d 
Dealt to 6866f68a 
Dealt to 459c57e9 
6866f68a: folds
459c57e9: folds
4a2eadc: folds
Hero: folds
ca5fb0b4: folds
6bc03683: folds
a96661ba: calls 50
b4c7553d: checks
*** FLOP *** [Jh Ac Qs]
a96661ba: bets 222
b4c7553d: folds
Uncalled bet (222) returned to a96661ba
*** SHOWDOWN ***
a96661ba collected 296 from pot
*** SUMMARY ***
Total pot 296 | Rake 0 | Jackpot 0 | Bingo 0 | Fortune 0 | Tax 0
Board [Jh Ac Qs]
Seat 1: 4a2eadc folded before Flop
Seat 2: Hero folded before Flop
Seat 3: ca5fb0b4 folded before Flop
Seat 4: 6bc03683 (button) folded before Flop
Seat 5: a96661ba (small blind) won (296)
Seat 6: b4c7553d (big blind) folded on the Flop
Seat 7: 6866f68a folded before Flop
Seat 8: 459c57e9 folded before Flop


Poker Hand #TM5360242834: Tournament #249768082, Sunday Monster Stack $25 Hold'em No Limit - Level1(50/100) - 2025/12/21 22:07:57
Table '36' 8-max Seat #3 is the button
Seat 1: 4a2eadc (30,086 in chips)
Seat 2: Hero (29,802 in chips)
Seat 3: ca5fb0b4 (29,802 in chips)
Seat 4: 6bc03683 (29,746 in chips)
Seat 5: a96661ba (29,952 in chips)
Seat 6: b4c7553d (30,418 in chips)
Seat 7: 6866f68a (29,852 in chips)
Seat 8: 459c57e9 (30,342 in chips)
a96661ba: posts the ante 12
459c57e9: posts the ante 12
Hero: posts the ante 12
ca5fb0b4: posts the ante 12
6bc03683: posts the ante 12
4a2eadc: posts the ante 12
6866f68a: posts the ante 12
b4c7553d: posts the ante 12
6bc03683: posts small blind 50
a96661ba: posts big blind 100
*** HOLE CARDS ***
Dealt to 4a2eadc 
Dealt to Hero [4c 8d]
Dealt to ca5fb0b4 
Dealt to 6bc03683 
Dealt to a96661ba 
Dealt to b4c7553d 
Dealt to 6866f68a 
Dealt to 459c57e9 
b4c7553d: folds
6866f68a: raises 300 to 400
459c57e9: folds
4a2eadc: folds
Hero: folds
ca5fb0b4: folds
6bc03683: folds
a96661ba: raises 1,600 to 2,000
6866f68a: calls 1,600
*** FLOP *** [6h Kd 7d]
a96661ba: bets 2,050
6866f68a: folds
Uncalled bet (2,050) returned to a96661ba
*** SHOWDOWN ***
a96661ba collected 4,146 from pot
*** SUMMARY ***
Total pot 4,146 | Rake 0 | Jackpot 0 | Bingo 0 | Fortune 0 | Tax 0
Board [6h Kd 7d]
Seat 1: 4a2eadc folded before Flop
Seat 2: Hero folded before Flop
Seat 3: ca5fb0b4 (button) folded before Flop
Seat 4: 6bc03683 (small blind) folded before Flop
Seat 5: a96661ba (big blind) won (4,146)
Seat 6: b4c7553d folded before Flop
Seat 7: 6866f68a folded on the Flop
Seat 8: 459c57e9 folded before Flop


Poker Hand #TM5360242792: Tournament #249768082, Sunday Monster Stack $25 Hold'em No Limit - Level1(50/100) - 2025/12/21 22:07:11
Table '36' 8-max Seat #2 is the button
Seat 1: 4a2eadc (30,098 in chips)
Seat 2: Hero (29,814 in chips)
Seat 3: ca5fb0b4 (29,864 in chips)
Seat 4: 6bc03683 (29,978 in chips)
Seat 5: a96661ba (29,964 in chips)
Seat 6: b4c7553d (30,430 in chips)
Seat 7: 6866f68a (29,864 in chips)
Seat 8: 459c57e9 (29,988 in chips)
a96661ba: posts the ante 12
459c57e9: posts the ante 12
Hero: posts the ante 12
ca5fb0b4: posts the ante 12
6bc03683: posts the ante 12
4a2eadc: posts the ante 12
6866f68a: posts the ante 12
b4c7553d: posts the ante 12
ca5fb0b4: posts small blind 50
6bc03683: posts big blind 100
*** HOLE CARDS ***
Dealt to 4a2eadc 
Dealt to Hero [4s 3h]
Dealt to ca5fb0b4 
Dealt to 6bc03683 
Dealt to a96661ba 
Dealt to b4c7553d 
Dealt to 6866f68a 
Dealt to 459c57e9 
a96661ba: folds
b4c7553d: folds
6866f68a: folds
459c57e9: raises 120 to 220
4a2eadc: folds
Hero: folds
ca5fb0b4: folds
6bc03683: calls 120
*** FLOP *** [Qd 2h 5c]
6bc03683: checks
459c57e9: bets 176
6bc03683: folds
Uncalled bet (176) returned to 459c57e9
*** SHOWDOWN ***
459c57e9 collected 586 from pot
*** SUMMARY ***
Total pot 586 | Rake 0 | Jackpot 0 | Bingo 0 | Fortune 0 | Tax 0
Board [Qd 2h 5c]
Seat 1: 4a2eadc folded before Flop
Seat 2: Hero (button) folded before Flop
Seat 3: ca5fb0b4 (small blind) folded before Flop
Seat 4: 6bc03683 (big blind) folded on the Flop
Seat 5: a96661ba folded before Flop
Seat 6: b4c7553d folded before Flop
Seat 7: 6866f68a folded before Flop
Seat 8: 459c57e9 won (586)


Poker Hand #TM5360242756: Tournament #249768082, Sunday Monster Stack $25 Hold'em No Limit - Level1(50/100) - 2025/12/21 22:06:35
Table '36' 8-max Seat #1 is the button
Seat 1: 4a2eadc (30,110 in chips)
Seat 2: Hero (29,876 in chips)
Seat 3: ca5fb0b4 (29,976 in chips)
Seat 4: 6bc03683 (30,210 in chips)
Seat 5: a96661ba (29,976 in chips)
Seat 6: b4c7553d (29,976 in chips)
Seat 7: 6866f68a (29,876 in chips)
Seat 8: 459c57e9 (30,000 in chips)
a96661ba: posts the ante 12
459c57e9: posts the ante 12
Hero: posts the ante 12
ca5fb0b4: posts the ante 12
6bc03683: posts the ante 12
4a2eadc: posts the ante 12
6866f68a: posts the ante 12
b4c7553d: posts the ante 12
Hero: posts small blind 50
ca5fb0b4: posts big blind 100
*** HOLE CARDS ***
Dealt to 4a2eadc 
Dealt to Hero [5s 9d]
Dealt to ca5fb0b4 
Dealt to 6bc03683 
Dealt to a96661ba 
Dealt to b4c7553d 
Dealt to 6866f68a 
Dealt to 459c57e9 
6bc03683: raises 120 to 220
a96661ba: folds
b4c7553d: raises 380 to 600
6866f68a: folds
459c57e9: folds
4a2eadc: folds
Hero: folds
ca5fb0b4: folds
6bc03683: folds
Uncalled bet (380) returned to b4c7553d
*** SHOWDOWN ***
b4c7553d collected 686 from pot
*** SUMMARY ***
Total pot 686 | Rake 0 | Jackpot 0 | Bingo 0 | Fortune 0 | Tax 0
Seat 1: 4a2eadc (button) folded before Flop
Seat 2: Hero (small blind) folded before Flop
Seat 3: ca5fb0b4 (big blind) folded before Flop
Seat 4: 6bc03683 folded before Flop
Seat 5: a96661ba folded before Flop
Seat 6: b4c7553d collected (686)
Seat 7: 6866f68a folded before Flop
Seat 8: 459c57e9 folded before Flop


Poker Hand #TM5360242713: Tournament #249768082, Sunday Monster Stack $25 Hold'em No Limit - Level1(50/100) - 2025/12/21 22:05:58
Table '36' 8-max Seat #7 is the button
Seat 1: 4a2eadc (30,172 in chips)
Seat 2: Hero (29,988 in chips)
Seat 3: ca5fb0b4 (29,988 in chips)
Seat 4: 6bc03683 (29,988 in chips)
Seat 5: a96661ba (29,988 in chips)
Seat 6: b4c7553d (29,988 in chips)
Seat 7: 6866f68a (29,888 in chips)
a96661ba: posts the ante 12
Hero: posts the ante 12
ca5fb0b4: posts the ante 12
6bc03683: posts the ante 12
4a2eadc: posts the ante 12
6866f68a: posts the ante 12
b4c7553d: posts the ante 12
4a2eadc: posts small blind 50
Hero: posts big blind 100
*** HOLE CARDS ***
Dealt to 4a2eadc 
Dealt to Hero [Qd 2d]
Dealt to ca5fb0b4 
Dealt to 6bc03683 
Dealt to a96661ba 
Dealt to b4c7553d 
Dealt to 6866f68a 
ca5fb0b4: folds
6bc03683: raises 120 to 220
a96661ba: folds
b4c7553d: folds
6866f68a: folds
4a2eadc: folds
Hero: folds
Uncalled bet (120) returned to 6bc03683
*** SHOWDOWN ***
6bc03683 collected 334 from pot
*** SUMMARY ***
Total pot 334 | Rake 0 | Jackpot 0 | Bingo 0 | Fortune 0 | Tax 0
Seat 1: 4a2eadc (small blind) folded before Flop
Seat 2: Hero (big blind) folded before Flop
Seat 3: ca5fb0b4 folded before Flop
Seat 4: 6bc03683 collected (334)
Seat 5: a96661ba folded before Flop
Seat 6: b4c7553d folded before Flop
Seat 7: 6866f68a (button) folded before Flop


Poker Hand #TM5360242657: Tournament #249768082, Sunday Monster Stack $25 Hold'em No Limit - Level1(50/100) - 2025/12/21 22:05:02
Table '36' 8-max Seat #6 is the button
Seat 1: 4a2eadc (30,000 in chips)
Seat 2: Hero (30,000 in chips)
Seat 3: ca5fb0b4 (30,000 in chips)
Seat 4: 6bc03683 (30,000 in chips)
Seat 5: a96661ba (30,000 in chips)
Seat 6: b4c7553d (30,000 in chips)
Seat 7: 6866f68a (30,000 in chips)
a96661ba: posts the ante 12
Hero: posts the ante 12
ca5fb0b4: posts the ante 12
6bc03683: posts the ante 12
4a2eadc: posts the ante 12
6866f68a: posts the ante 12
b4c7553d: posts the ante 12
6866f68a: posts small blind 50
4a2eadc: posts big blind 100
*** HOLE CARDS ***
Dealt to 4a2eadc 
Dealt to Hero [9d 2h]
Dealt to ca5fb0b4 
Dealt to 6bc03683 
Dealt to a96661ba 
Dealt to b4c7553d 
Dealt to 6866f68a 
Hero: folds
ca5fb0b4: folds
6bc03683: folds
a96661ba: folds
b4c7553d: folds
6866f68a: calls 50
4a2eadc: checks
*** FLOP *** [Ks 8c 3d]
6866f68a: checks
4a2eadc: checks
*** TURN *** [Ks 8c 3d] [6c]
6866f68a: checks
4a2eadc: bets 142
6866f68a: folds
Uncalled bet (142) returned to 4a2eadc
*** SHOWDOWN ***
4a2eadc collected 284 from pot
*** SUMMARY ***
Total pot 284 | Rake 0 | Jackpot 0 | Bingo 0 | Fortune 0 | Tax 0
Board [Ks 8c 3d 6c]
Seat 1: 4a2eadc (big blind) won (284)
Seat 2: Hero folded before Flop
Seat 3: ca5fb0b4 folded before Flop
Seat 4: 6bc03683 folded before Flop
Seat 5: a96661ba folded before Flop
Seat 6: b4c7553d (button) folded before Flop
Seat 7: 6866f68a (small blind) folded on the Turn


