Poker Hand #TM5371971373: Tournament #250297015, Daily Turbo $1 Hold'em No Limit - Level12(400/800) - 2025/12/24 02:21:58
Table '85' 8-max Seat #2 is the button
Seat 1: 8da0db93 (20,312 in chips)
Seat 2: c883bffc (41,103 in chips)
Seat 3: df6a2f3e (7,845 in chips)
Seat 4: a0365813 (9,800 in chips)
Seat 5: 228c6f68 (7,430 in chips)
Seat 6: 738e80f (2,275 in chips)
Seat 7: 5ad0e16d (19,800 in chips)
Seat 8: Hero (12,773 in chips)
c883bffc: posts the ante 100
5ad0e16d: posts the ante 100
a0365813: posts the ante 100
738e80f: posts the ante 100
8da0db93: posts the ante 100
Hero: posts the ante 100
228c6f68: posts the ante 100
df6a2f3e: posts the ante 100
df6a2f3e: posts small blind 400
a0365813: posts big blind 800
*** HOLE CARDS ***
Dealt to 8da0db93 
Dealt to c883bffc 
Dealt to df6a2f3e 
Dealt to a0365813 
Dealt to 228c6f68 
Dealt to 738e80f 
Dealt to 5ad0e16d 
Dealt to Hero [Qh Ac]
228c6f68: folds
738e80f: folds
5ad0e16d: folds
Hero: raises 800 to 1,600
8da0db93: folds
c883bffc: raises 1,600 to 3,200
df6a2f3e: raises 4,545 to 7,745 and is all-in
a0365813: folds
Hero: raises 4,928 to 12,673 and is all-in
c883bffc: calls 9,473
Hero: shows [Qh Ac]
c883bffc: shows [Ts As]
df6a2f3e: shows [Th 8h]
*** FLOP *** [Jh 6s Tc]
*** TURN *** [Jh 6s Tc] [Js]
*** RIVER *** [Jh 6s Tc Js] [4s]
*** SHOWDOWN ***
c883bffc collected 24,835 from pot
c883bffc collected 9,856 from pot
*** SUMMARY ***
Total pot 34,691 | Rake 0 | Jackpot 0 | Bingo 0 | Fortune 0 | Tax 0
Board [Jh 6s Tc Js 4s]
Seat 1: 8da0db93 folded before Flop
Seat 2: c883bffc (button) showed [Ts As] and won (34,691) with a flush Ace high
Seat 3: df6a2f3e (small blind) showed [Th 8h] and lost with two pair, Jacks and Tens
Seat 4: a0365813 (big blind) folded before Flop
Seat 5: 228c6f68 folded before Flop
Seat 6: 738e80f folded before Flop
Seat 7: 5ad0e16d folded before Flop
Seat 8: Hero showed [Qh Ac] and lost with a pair of Jacks


Poker Hand #TM5371971354: Tournament #250297015, Daily Turbo $1 Hold'em No Limit - Level12(400/800) - 2025/12/24 02:21:08
Table '85' 8-max Seat #1 is the button
Seat 1: 8da0db93 (20,412 in chips)
Seat 2: c883bffc (38,003 in chips)
Seat 3: df6a2f3e (10,345 in chips)
Seat 4: a0365813 (9,900 in chips)
Seat 5: 228c6f68 (7,530 in chips)
Seat 6: 738e80f (2,375 in chips)
Seat 7: 5ad0e16d (19,900 in chips)
Seat 8: Hero (12,873 in chips)
c883bffc: posts the ante 100
5ad0e16d: posts the ante 100
a0365813: posts the ante 100
738e80f: posts the ante 100
8da0db93: posts the ante 100
Hero: posts the ante 100
228c6f68: posts the ante 100
df6a2f3e: posts the ante 100
c883bffc: posts small blind 400
df6a2f3e: posts big blind 800
*** HOLE CARDS ***
Dealt to 8da0db93 
Dealt to c883bffc 
Dealt to df6a2f3e 
Dealt to a0365813 
Dealt to 228c6f68 
Dealt to 738e80f 
Dealt to 5ad0e16d 
Dealt to Hero [2c 2d]
a0365813: folds
228c6f68: folds
738e80f: folds
5ad0e16d: folds
Hero: folds
8da0db93: folds
c883bffc: raises 1,600 to 2,400
df6a2f3e: calls 1,600
*** FLOP *** [Ad 2h 7h]
c883bffc: bets 1,600
df6a2f3e: folds
Uncalled bet (1,600) returned to c883bffc
*** SHOWDOWN ***
c883bffc collected 5,600 from pot
*** SUMMARY ***
Total pot 5,600 | Rake 0 | Jackpot 0 | Bingo 0 | Fortune 0 | Tax 0
Board [Ad 2h 7h]
Seat 1: 8da0db93 (button) folded before Flop
Seat 2: c883bffc (small blind) won (5,600)
Seat 3: df6a2f3e (big blind) folded on the Flop
Seat 4: a0365813 folded before Flop
Seat 5: 228c6f68 folded before Flop
Seat 6: 738e80f folded before Flop
Seat 7: 5ad0e16d folded before Flop
Seat 8: Hero folded before Flop


Poker Hand #TM5371971338: Tournament #250297015, Daily Turbo $1 Hold'em No Limit - Level12(400/800) - 2025/12/24 02:20:46
Table '85' 8-max Seat #8 is the button
Seat 1: 8da0db93 (20,912 in chips)
Seat 2: c883bffc (38,903 in chips)
Seat 3: df6a2f3e (8,445 in chips)
Seat 4: a0365813 (10,000 in chips)
Seat 5: 228c6f68 (7,630 in chips)
Seat 6: 738e80f (2,475 in chips)
Seat 7: 5ad0e16d (20,000 in chips)
Seat 8: Hero (12,973 in chips)
c883bffc: posts the ante 100
5ad0e16d: posts the ante 100
a0365813: posts the ante 100
738e80f: posts the ante 100
8da0db93: posts the ante 100
Hero: posts the ante 100
228c6f68: posts the ante 100
df6a2f3e: posts the ante 100
8da0db93: posts small blind 400
c883bffc: posts big blind 800
*** HOLE CARDS ***
Dealt to 8da0db93 
Dealt to c883bffc 
Dealt to df6a2f3e 
Dealt to a0365813 
Dealt to 228c6f68 
Dealt to 738e80f 
Dealt to 5ad0e16d 
Dealt to Hero [3c 6h]
df6a2f3e: raises 7,545 to 8,345 and is all-in
a0365813: folds
228c6f68: folds
738e80f: folds
5ad0e16d: folds
Hero: folds
8da0db93: folds
c883bffc: folds
Uncalled bet (7,545) returned to df6a2f3e
*** SHOWDOWN ***
df6a2f3e collected 2,800 from pot
*** SUMMARY ***
Total pot 2,800 | Rake 0 | Jackpot 0 | Bingo 0 | Fortune 0 | Tax 0
Seat 1: 8da0db93 (small blind) folded before Flop
Seat 2: c883bffc (big blind) folded before Flop
Seat 3: df6a2f3e collected (2,800)
Seat 4: a0365813 folded before Flop
Seat 5: 228c6f68 folded before Flop
Seat 6: 738e80f folded before Flop
Seat 7: 5ad0e16d folded before Flop
Seat 8: Hero (button) folded before Flop


Poker Hand #TM5371971322: Tournament #250297015, Daily Turbo $1 Hold'em No Limit - Level12(400/800) - 2025/12/24 02:19:59
Table '85' 8-max Seat #7 is the button
Seat 1: 8da0db93 (21,812 in chips)
Seat 2: c883bffc (34,703 in chips)
Seat 3: df6a2f3e (10,945 in chips)
Seat 5: 228c6f68 (7,730 in chips)
Seat 6: 738e80f (2,575 in chips)
Seat 7: 5ad0e16d (20,100 in chips)
Seat 8: Hero (13,473 in chips)
c883bffc: posts the ante 100
5ad0e16d: posts the ante 100
738e80f: posts the ante 100
8da0db93: posts the ante 100
Hero: posts the ante 100
228c6f68: posts the ante 100
df6a2f3e: posts the ante 100
Hero: posts small blind 400
8da0db93: posts big blind 800
*** HOLE CARDS ***
Dealt to 8da0db93 
Dealt to c883bffc 
Dealt to df6a2f3e 
Dealt to 228c6f68 
Dealt to 738e80f 
Dealt to 5ad0e16d 
Dealt to Hero [4s 6c]
c883bffc: raises 1,600 to 2,400
df6a2f3e: calls 2,400
228c6f68: folds
738e80f: folds
5ad0e16d: folds
Hero: folds
8da0db93: folds
*** FLOP *** [2s Qd Ks]
c883bffc: checks
df6a2f3e: checks
*** TURN *** [2s Qd Ks] [7h]
c883bffc: checks
df6a2f3e: checks
*** RIVER *** [2s Qd Ks 7h] [9c]
c883bffc: bets 2,400
df6a2f3e: folds
Uncalled bet (2,400) returned to c883bffc
*** SHOWDOWN ***
c883bffc collected 6,700 from pot
*** SUMMARY ***
Total pot 6,700 | Rake 0 | Jackpot 0 | Bingo 0 | Fortune 0 | Tax 0
Board [2s Qd Ks 7h 9c]
Seat 1: 8da0db93 (big blind) folded before Flop
Seat 2: c883bffc won (6,700)
Seat 3: df6a2f3e folded on the River
Seat 5: 228c6f68 folded before Flop
Seat 6: 738e80f folded before Flop
Seat 7: 5ad0e16d (button) folded before Flop
Seat 8: Hero (small blind) folded before Flop


Poker Hand #TM5371971306: Tournament #250297015, Daily Turbo $1 Hold'em No Limit - Level12(400/800) - 2025/12/24 02:19:16
Table '85' 8-max Seat #6 is the button
Seat 1: 8da0db93 (21,912 in chips)
Seat 2: c883bffc (34,803 in chips)
Seat 3: df6a2f3e (9,045 in chips)
Seat 4: 3550e650 (58,026 in chips)
Seat 5: 228c6f68 (7,830 in chips)
Seat 6: 738e80f (2,675 in chips)
Seat 7: 5ad0e16d (20,600 in chips)
Seat 8: Hero (14,373 in chips)
c883bffc: posts the ante 100
5ad0e16d: posts the ante 100
738e80f: posts the ante 100
8da0db93: posts the ante 100
Hero: posts the ante 100
228c6f68: posts the ante 100
3550e650: posts the ante 100
df6a2f3e: posts the ante 100
5ad0e16d: posts small blind 400
Hero: posts big blind 800
*** HOLE CARDS ***
Dealt to 8da0db93 
Dealt to c883bffc 
Dealt to df6a2f3e 
Dealt to 3550e650 
Dealt to 228c6f68 
Dealt to 738e80f 
Dealt to 5ad0e16d 
Dealt to Hero [Kc 4s]
8da0db93: folds
c883bffc: folds
df6a2f3e: raises 8,145 to 8,945 and is all-in
3550e650: folds
228c6f68: folds
738e80f: folds
5ad0e16d: folds
Hero: folds
Uncalled bet (8,145) returned to df6a2f3e
*** SHOWDOWN ***
df6a2f3e collected 2,800 from pot
*** SUMMARY ***
Total pot 2,800 | Rake 0 | Jackpot 0 | Bingo 0 | Fortune 0 | Tax 0
Seat 1: 8da0db93 folded before Flop
Seat 2: c883bffc folded before Flop
Seat 3: df6a2f3e collected (2,800)
Seat 4: 3550e650 folded before Flop
Seat 5: 228c6f68 folded before Flop
Seat 6: 738e80f (button) folded before Flop
Seat 7: 5ad0e16d (small blind) folded before Flop
Seat 8: Hero (big blind) folded before Flop


Poker Hand #TM5371971287: Tournament #250297015, Daily Turbo $1 Hold'em No Limit - Level12(400/800) - 2025/12/24 02:18:32
Table '85' 8-max Seat #5 is the button
Seat 1: 8da0db93 (22,012 in chips)
Seat 2: c883bffc (34,903 in chips)
Seat 3: df6a2f3e (9,145 in chips)
Seat 4: 3550e650 (58,126 in chips)
Seat 5: 228c6f68 (7,930 in chips)
Seat 6: 738e80f (12,675 in chips)
Seat 7: 5ad0e16d (10,000 in chips)
Seat 8: Hero (14,473 in chips)
c883bffc: posts the ante 100
5ad0e16d: posts the ante 100
738e80f: posts the ante 100
8da0db93: posts the ante 100
Hero: posts the ante 100
228c6f68: posts the ante 100
3550e650: posts the ante 100
df6a2f3e: posts the ante 100
738e80f: posts small blind 400
5ad0e16d: posts big blind 800
*** HOLE CARDS ***
Dealt to 8da0db93 
Dealt to c883bffc 
Dealt to df6a2f3e 
Dealt to 3550e650 
Dealt to 228c6f68 
Dealt to 738e80f 
Dealt to 5ad0e16d 
Dealt to Hero [2c Jc]
Hero: folds
8da0db93: folds
c883bffc: folds
df6a2f3e: folds
3550e650: folds
228c6f68: folds
738e80f: raises 11,775 to 12,575 and is all-in
5ad0e16d: calls 9,100 and is all-in
Uncalled bet (2,675) returned to 738e80f
738e80f: shows [Jd Ah]
5ad0e16d: shows [As Ac]
*** FLOP *** [3h 9c 5s]
*** TURN *** [3h 9c 5s] [Qc]
*** RIVER *** [3h 9c 5s Qc] [Ts]
*** SHOWDOWN ***
5ad0e16d collected 20,600 from pot
*** SUMMARY ***
Total pot 20,600 | Rake 0 | Jackpot 0 | Bingo 0 | Fortune 0 | Tax 0
Board [3h 9c 5s Qc Ts]
Seat 1: 8da0db93 folded before Flop
Seat 2: c883bffc folded before Flop
Seat 3: df6a2f3e folded before Flop
Seat 4: 3550e650 folded before Flop
Seat 5: 228c6f68 (button) folded before Flop
Seat 6: 738e80f (small blind) showed [Jd Ah] and lost with Ace high
Seat 7: 5ad0e16d (big blind) showed [As Ac] and won (20,600) with a pair of Aces
Seat 8: Hero folded before Flop


Poker Hand #TM5371971275: Tournament #250297015, Daily Turbo $1 Hold'em No Limit - Level12(400/800) - 2025/12/24 02:18:01
Table '85' 8-max Seat #4 is the button
Seat 1: 8da0db93 (22,112 in chips)
Seat 2: c883bffc (35,003 in chips)
Seat 3: df6a2f3e (9,245 in chips)
Seat 4: 3550e650 (59,986 in chips)
Seat 5: 228c6f68 (8,430 in chips)
Seat 6: 738e80f (9,915 in chips)
Seat 8: Hero (14,573 in chips)
c883bffc: posts the ante 100
738e80f: posts the ante 100
8da0db93: posts the ante 100
Hero: posts the ante 100
228c6f68: posts the ante 100
3550e650: posts the ante 100
df6a2f3e: posts the ante 100
228c6f68: posts small blind 400
738e80f: posts big blind 800
*** HOLE CARDS ***
Dealt to 8da0db93 
Dealt to c883bffc 
Dealt to df6a2f3e 
Dealt to 3550e650 
Dealt to 228c6f68 
Dealt to 738e80f 
Dealt to Hero [8d Qs]
Hero: folds
8da0db93: folds
c883bffc: folds
df6a2f3e: folds
3550e650: raises 960 to 1,760
228c6f68: folds
738e80f: calls 960
*** FLOP *** [4c As 6h]
738e80f: bets 3,465
3550e650: folds
Uncalled bet (3,465) returned to 738e80f
*** SHOWDOWN ***
738e80f collected 4,620 from pot
*** SUMMARY ***
Total pot 4,620 | Rake 0 | Jackpot 0 | Bingo 0 | Fortune 0 | Tax 0
Board [4c As 6h]
Seat 1: 8da0db93 folded before Flop
Seat 2: c883bffc folded before Flop
Seat 3: df6a2f3e folded before Flop
Seat 4: 3550e650 (button) folded on the Flop
Seat 5: 228c6f68 (small blind) folded before Flop
Seat 6: 738e80f (big blind) won (4,620)
Seat 8: Hero folded before Flop


Poker Hand #TM5371971254: Tournament #250297015, Daily Turbo $1 Hold'em No Limit - Level11(350/700) - 2025/12/24 02:17:09
Table '85' 8-max Seat #3 is the button
Seat 1: 8da0db93 (19,767 in chips)
Seat 2: c883bffc (35,088 in chips)
Seat 3: df6a2f3e (9,330 in chips)
Seat 4: 3550e650 (60,421 in chips)
Seat 5: 228c6f68 (9,915 in chips)
Seat 6: 738e80f (10,000 in chips)
Seat 7: 4c2473a6 (25,862 in chips)
Seat 8: Hero (14,658 in chips)
c883bffc: posts the ante 85
4c2473a6: posts the ante 85
738e80f: posts the ante 85
8da0db93: posts the ante 85
Hero: posts the ante 85
228c6f68: posts the ante 85
df6a2f3e: posts the ante 85
3550e650: posts the ante 85
3550e650: posts small blind 350
228c6f68: posts big blind 700
*** HOLE CARDS ***
Dealt to 8da0db93 
Dealt to c883bffc 
Dealt to df6a2f3e 
Dealt to 3550e650 
Dealt to 228c6f68 
Dealt to 738e80f 
Dealt to 4c2473a6 
Dealt to Hero [2h 9h]
738e80f: folds
4c2473a6: folds
Hero: folds
8da0db93: raises 700 to 1,400
c883bffc: folds
df6a2f3e: folds
3550e650: folds
228c6f68: calls 700
*** FLOP *** [7d Ad 7h]
228c6f68: checks
8da0db93: checks
*** TURN *** [7d Ad 7h] [5c]
228c6f68: checks
8da0db93: checks
*** RIVER *** [7d Ad 7h 5c] [2d]
228c6f68: checks
8da0db93: checks
228c6f68: shows [Ts 4s] (a pair of Sevens)
8da0db93: shows [Kc Qs] (a pair of Sevens)
*** SHOWDOWN ***
8da0db93 collected 3,830 from pot
*** SUMMARY ***
Total pot 3,830 | Rake 0 | Jackpot 0 | Bingo 0 | Fortune 0 | Tax 0
Board [7d Ad 7h 5c 2d]
Seat 1: 8da0db93 showed [Kc Qs] and won (3,830) with a pair of Sevens
Seat 2: c883bffc folded before Flop
Seat 3: df6a2f3e (button) folded before Flop
Seat 4: 3550e650 (small blind) folded before Flop
Seat 5: 228c6f68 (big blind) showed [Ts 4s] and lost with a pair of Sevens
Seat 6: 738e80f folded before Flop
Seat 7: 4c2473a6 folded before Flop
Seat 8: Hero folded before Flop


Poker Hand #TM5371971212: Tournament #250297015, Daily Turbo $1 Hold'em No Limit - Level11(350/700) - 2025/12/24 02:15:26
Table '85' 8-max Seat #2 is the button
Seat 1: 8da0db93 (19,852 in chips)
Seat 2: c883bffc (36,573 in chips)
Seat 3: df6a2f3e (10,815 in chips)
Seat 4: 3550e650 (40,744 in chips)
Seat 5: 228c6f68 (10,000 in chips)
Seat 6: 29c21e2e (14,967 in chips)
Seat 7: 4c2473a6 (27,347 in chips)
Seat 8: Hero (14,743 in chips)
c883bffc: posts the ante 85
4c2473a6: posts the ante 85
29c21e2e: posts the ante 85
8da0db93: posts the ante 85
Hero: posts the ante 85
228c6f68: posts the ante 85
3550e650: posts the ante 85
df6a2f3e: posts the ante 85
df6a2f3e: posts small blind 350
3550e650: posts big blind 700
*** HOLE CARDS ***
Dealt to 8da0db93 
Dealt to c883bffc 
Dealt to df6a2f3e 
Dealt to 3550e650 
Dealt to 228c6f68 
Dealt to 29c21e2e 
Dealt to 4c2473a6 
Dealt to Hero [Js Tc]
228c6f68: folds
29c21e2e: raises 700 to 1,400
4c2473a6: calls 1,400
Hero: folds
8da0db93: folds
c883bffc: calls 1,400
df6a2f3e: calls 1,050
3550e650: calls 700
*** FLOP *** [6h 6d Jc]
df6a2f3e: checks
3550e650: checks
29c21e2e: bets 4,900
4c2473a6: folds
c883bffc: folds
df6a2f3e: folds
3550e650: calls 4,900
*** TURN *** [6h 6d Jc] [8h]
3550e650: checks
29c21e2e: bets 8,582 and is all-in
3550e650: calls 8,582
29c21e2e: shows [Jd Ac] (two pair, Jacks and Sixes)
3550e650: shows [6s Ts] (three of a kind, Sixes)
*** RIVER *** [6h 6d Jc 8h] [Qh]
*** SHOWDOWN ***
3550e650 collected 34,644 from pot
*** SUMMARY ***
Total pot 34,644 | Rake 0 | Jackpot 0 | Bingo 0 | Fortune 0 | Tax 0
Board [6h 6d Jc 8h Qh]
Seat 1: 8da0db93 folded before Flop
Seat 2: c883bffc (button) folded on the Flop
Seat 3: df6a2f3e (small blind) folded on the Flop
Seat 4: 3550e650 (big blind) showed [6s Ts] and won (34,644) with three of a kind, Sixes
Seat 5: 228c6f68 folded before Flop
Seat 6: 29c21e2e showed [Jd Ac] and lost with two pair, Jacks and Sixes
Seat 7: 4c2473a6 folded on the Flop
Seat 8: Hero folded before Flop


Poker Hand #TM5371971197: Tournament #250297015, Daily Turbo $1 Hold'em No Limit - Level11(350/700) - 2025/12/24 02:14:47
Table '85' 8-max Seat #1 is the button
Seat 1: 8da0db93 (21,337 in chips)
Seat 2: c883bffc (37,008 in chips)
Seat 3: df6a2f3e (8,555 in chips)
Seat 4: 3550e650 (40,829 in chips)
Seat 6: 29c21e2e (15,052 in chips)
Seat 7: 4c2473a6 (27,432 in chips)
Seat 8: Hero (14,828 in chips)
c883bffc: posts the ante 85
4c2473a6: posts the ante 85
29c21e2e: posts the ante 85
8da0db93: posts the ante 85
Hero: posts the ante 85
3550e650: posts the ante 85
df6a2f3e: posts the ante 85
c883bffc: posts small blind 350
df6a2f3e: posts big blind 700
*** HOLE CARDS ***
Dealt to 8da0db93 
Dealt to c883bffc 
Dealt to df6a2f3e 
Dealt to 3550e650 
Dealt to 29c21e2e 
Dealt to 4c2473a6 
Dealt to Hero [7h Qs]
3550e650: folds
29c21e2e: folds
4c2473a6: folds
Hero: folds
8da0db93: raises 700 to 1,400
c883bffc: folds
df6a2f3e: raises 7,070 to 8,470 and is all-in
8da0db93: folds
Uncalled bet (7,070) returned to df6a2f3e
*** SHOWDOWN ***
df6a2f3e collected 3,745 from pot
*** SUMMARY ***
Total pot 3,745 | Rake 0 | Jackpot 0 | Bingo 0 | Fortune 0 | Tax 0
Seat 1: 8da0db93 (button) folded before Flop
Seat 2: c883bffc (small blind) folded before Flop
Seat 3: df6a2f3e (big blind) collected (3,745)
Seat 4: 3550e650 folded before Flop
Seat 6: 29c21e2e folded before Flop
Seat 7: 4c2473a6 folded before Flop
Seat 8: Hero folded before Flop


Poker Hand #TM5371971168: Tournament #250297015, Daily Turbo $1 Hold'em No Limit - Level11(350/700) - 2025/12/24 02:13:26
Table '85' 8-max Seat #8 is the button
Seat 1: 8da0db93 (25,984 in chips)
Seat 2: c883bffc (30,270 in chips)
Seat 3: df6a2f3e (8,640 in chips)
Seat 4: 3550e650 (40,914 in chips)
Seat 5: 9ed0498e (1,666 in chips)
Seat 6: 29c21e2e (15,137 in chips)
Seat 7: 4c2473a6 (27,517 in chips)
Seat 8: Hero (14,913 in chips)
c883bffc: posts the ante 85
4c2473a6: posts the ante 85
29c21e2e: posts the ante 85
8da0db93: posts the ante 85
Hero: posts the ante 85
9ed0498e: posts the ante 85
3550e650: posts the ante 85
df6a2f3e: posts the ante 85
8da0db93: posts small blind 350
c883bffc: posts big blind 700
*** HOLE CARDS ***
Dealt to 8da0db93 
Dealt to c883bffc 
Dealt to df6a2f3e 
Dealt to 3550e650 
Dealt to 9ed0498e 
Dealt to 29c21e2e 
Dealt to 4c2473a6 
Dealt to Hero [7s Td]
df6a2f3e: folds
3550e650: folds
9ed0498e: raises 881 to 1,581 and is all-in
29c21e2e: folds
4c2473a6: folds
Hero: folds
8da0db93: calls 1,231
c883bffc: raises 2,981 to 4,562
8da0db93: calls 2,981
*** FLOP *** [Ac 7h 2s]
8da0db93: checks
c883bffc: bets 5,693
8da0db93: folds
Uncalled bet (5,693) returned to c883bffc
c883bffc: shows [Ah Tc] (a pair of Aces)
9ed0498e: shows [9c Qh] (Ace high)
*** TURN *** [Ac 7h 2s] [5c]
*** RIVER *** [Ac 7h 2s 5c] [Kd]
*** SHOWDOWN ***
c883bffc collected 5,423 from pot
c883bffc collected 5,962 from pot
*** SUMMARY ***
Total pot 11,385 | Rake 0 | Jackpot 0 | Bingo 0 | Fortune 0 | Tax 0
Board [Ac 7h 2s 5c Kd]
Seat 1: 8da0db93 (small blind) folded on the Flop
Seat 2: c883bffc (big blind) showed [Ah Tc] and won (11,385) with a pair of Aces
Seat 3: df6a2f3e folded before Flop
Seat 4: 3550e650 folded before Flop
Seat 5: 9ed0498e showed [9c Qh] and lost with Ace high
Seat 6: 29c21e2e folded before Flop
Seat 7: 4c2473a6 folded before Flop
Seat 8: Hero (button) folded before Flop


Poker Hand #TM5371971150: Tournament #250297015, Daily Turbo $1 Hold'em No Limit - Level11(350/700) - 2025/12/24 02:12:53
Table '85' 8-max Seat #7 is the button
Seat 1: 8da0db93 (26,769 in chips)
Seat 2: c883bffc (28,625 in chips)
Seat 3: df6a2f3e (8,725 in chips)
Seat 4: 3550e650 (40,999 in chips)
Seat 5: 9ed0498e (1,751 in chips)
Seat 6: 29c21e2e (15,222 in chips)
Seat 7: 4c2473a6 (27,602 in chips)
Seat 8: Hero (15,348 in chips)
c883bffc: posts the ante 85
4c2473a6: posts the ante 85
29c21e2e: posts the ante 85
8da0db93: posts the ante 85
Hero: posts the ante 85
9ed0498e: posts the ante 85
3550e650: posts the ante 85
df6a2f3e: posts the ante 85
Hero: posts small blind 350
8da0db93: posts big blind 700
*** HOLE CARDS ***
Dealt to 8da0db93 
Dealt to c883bffc 
Dealt to df6a2f3e 
Dealt to 3550e650 
Dealt to 9ed0498e 
Dealt to 29c21e2e 
Dealt to 4c2473a6 
Dealt to Hero [9c 5c]
c883bffc: raises 1,400 to 2,100
df6a2f3e: folds
3550e650: folds
9ed0498e: folds
29c21e2e: folds
4c2473a6: folds
Hero: folds
8da0db93: folds
Uncalled bet (1,400) returned to c883bffc
*** SHOWDOWN ***
c883bffc collected 2,430 from pot
*** SUMMARY ***
Total pot 2,430 | Rake 0 | Jackpot 0 | Bingo 0 | Fortune 0 | Tax 0
Seat 1: 8da0db93 (big blind) folded before Flop
Seat 2: c883bffc collected (2,430)
Seat 3: df6a2f3e folded before Flop
Seat 4: 3550e650 folded before Flop
Seat 5: 9ed0498e folded before Flop
Seat 6: 29c21e2e folded before Flop
Seat 7: 4c2473a6 (button) folded before Flop
Seat 8: Hero (small blind) folded before Flop


Poker Hand #TM5371971108: Tournament #250297015, Daily Turbo $1 Hold'em No Limit - Level10(300/600) - 2025/12/24 02:11:09
Table '85' 8-max Seat #6 is the button
Seat 1: 8da0db93 (26,844 in chips)
Seat 2: c883bffc (28,700 in chips)
Seat 3: df6a2f3e (10,000 in chips)
Seat 4: 3550e650 (28,024 in chips)
Seat 5: 9ed0498e (1,826 in chips)
Seat 6: 29c21e2e (25,047 in chips)
Seat 7: 4c2473a6 (27,977 in chips)
Seat 8: Hero (16,623 in chips)
c883bffc: posts the ante 75
29c21e2e: posts the ante 75
4c2473a6: posts the ante 75
8da0db93: posts the ante 75
Hero: posts the ante 75
9ed0498e: posts the ante 75
3550e650: posts the ante 75
df6a2f3e: posts the ante 75
4c2473a6: posts small blind 300
Hero: posts big blind 600
*** HOLE CARDS ***
Dealt to 8da0db93 
Dealt to c883bffc 
Dealt to df6a2f3e 
Dealt to 3550e650 
Dealt to 9ed0498e 
Dealt to 29c21e2e 
Dealt to 4c2473a6 
Dealt to Hero [Kc Qd]
8da0db93: folds
c883bffc: folds
df6a2f3e: raises 600 to 1,200
3550e650: calls 1,200
9ed0498e: folds
29c21e2e: calls 1,200
4c2473a6: folds
Hero: calls 600
*** FLOP *** [4d 8s Jh]
Hero: checks
df6a2f3e: checks
3550e650: checks
29c21e2e: bets 2,850
Hero: folds
df6a2f3e: folds
3550e650: calls 2,850
*** TURN *** [4d 8s Jh] [Ah]
3550e650: checks
29c21e2e: checks
*** RIVER *** [4d 8s Jh Ah] [8h]
3550e650: bets 5,700
29c21e2e: calls 5,700
3550e650: shows [As Qc] (two pair, Aces and Eights)
29c21e2e: shows [Ks Jd] (two pair, Jacks and Eights)
*** SHOWDOWN ***
3550e650 collected 22,800 from pot
*** SUMMARY ***
Total pot 22,800 | Rake 0 | Jackpot 0 | Bingo 0 | Fortune 0 | Tax 0
Board [4d 8s Jh Ah 8h]
Seat 1: 8da0db93 folded before Flop
Seat 2: c883bffc folded before Flop
Seat 3: df6a2f3e folded on the Flop
Seat 4: 3550e650 showed [As Qc] and won (22,800) with two pair, Aces and Eights
Seat 5: 9ed0498e folded before Flop
Seat 6: 29c21e2e (button) showed [Ks Jd] and lost with two pair, Jacks and Eights
Seat 7: 4c2473a6 (small blind) folded before Flop
Seat 8: Hero (big blind) folded on the Flop


Poker Hand #TM5371971084: Tournament #250297015, Daily Turbo $1 Hold'em No Limit - Level10(300/600) - 2025/12/24 02:10:13
Table '85' 8-max Seat #5 is the button
Seat 1: 8da0db93 (26,919 in chips)
Seat 2: c883bffc (25,475 in chips)
Seat 3: 3e47ac0f (16,498 in chips)
Seat 4: 3550e650 (28,099 in chips)
Seat 5: 9ed0498e (3,101 in chips)
Seat 6: 29c21e2e (25,422 in chips)
Seat 7: 4c2473a6 (29,252 in chips)
Seat 8: Hero (16,698 in chips)
c883bffc: posts the ante 75
4c2473a6: posts the ante 75
29c21e2e: posts the ante 75
8da0db93: posts the ante 75
Hero: posts the ante 75
9ed0498e: posts the ante 75
3e47ac0f: posts the ante 75
3550e650: posts the ante 75
29c21e2e: posts small blind 300
4c2473a6: posts big blind 600
*** HOLE CARDS ***
Dealt to 8da0db93 
Dealt to c883bffc 
Dealt to 3e47ac0f 
Dealt to 3550e650 
Dealt to 9ed0498e 
Dealt to 29c21e2e 
Dealt to 4c2473a6 
Dealt to Hero [9s 6d]
Hero: folds
8da0db93: folds
c883bffc: raises 600 to 1,200
3e47ac0f: folds
3550e650: folds
9ed0498e: calls 1,200
29c21e2e: folds
4c2473a6: calls 600
*** FLOP *** [9d As 6c]
4c2473a6: checks
c883bffc: bets 1,800
9ed0498e: folds
4c2473a6: folds
Uncalled bet (1,800) returned to c883bffc
*** SHOWDOWN ***
c883bffc collected 4,500 from pot
*** SUMMARY ***
Total pot 4,500 | Rake 0 | Jackpot 0 | Bingo 0 | Fortune 0 | Tax 0
Board [9d As 6c]
Seat 1: 8da0db93 folded before Flop
Seat 2: c883bffc won (4,500)
Seat 3: 3e47ac0f folded before Flop
Seat 4: 3550e650 folded before Flop
Seat 5: 9ed0498e (button) folded on the Flop
Seat 6: 29c21e2e (small blind) folded before Flop
Seat 7: 4c2473a6 (big blind) folded on the Flop
Seat 8: Hero folded before Flop


Poker Hand #TM5371971059: Tournament #250297015, Daily Turbo $1 Hold'em No Limit - Level10(300/600) - 2025/12/24 02:09:20
Table '85' 8-max Seat #4 is the button
Seat 1: 8da0db93 (26,994 in chips)
Seat 2: c883bffc (25,550 in chips)
Seat 3: 3e47ac0f (7,724 in chips)
Seat 4: 3550e650 (28,174 in chips)
Seat 5: 9ed0498e (10,825 in chips)
Seat 6: 29c21e2e (26,097 in chips)
Seat 7: 4c2473a6 (29,327 in chips)
Seat 8: Hero (16,773 in chips)
c883bffc: posts the ante 75
4c2473a6: posts the ante 75
29c21e2e: posts the ante 75
8da0db93: posts the ante 75
Hero: posts the ante 75
9ed0498e: posts the ante 75
3e47ac0f: posts the ante 75
3550e650: posts the ante 75
9ed0498e: posts small blind 300
29c21e2e: posts big blind 600
*** HOLE CARDS ***
Dealt to 8da0db93 
Dealt to c883bffc 
Dealt to 3e47ac0f 
Dealt to 3550e650 
Dealt to 9ed0498e 
Dealt to 29c21e2e 
Dealt to 4c2473a6 
Dealt to Hero [Ts Qd]
4c2473a6: folds
Hero: folds
8da0db93: folds
c883bffc: folds
3e47ac0f: raises 7,049 to 7,649 and is all-in
3550e650: folds
9ed0498e: calls 7,349
29c21e2e: folds
3e47ac0f: shows [Kd Kc]
9ed0498e: shows [5d Ad]
*** FLOP *** [Th 4h Jc]
*** TURN *** [Th 4h Jc] [9c]
*** RIVER *** [Th 4h Jc 9c] [5s]
*** SHOWDOWN ***
3e47ac0f collected 16,498 from pot
*** SUMMARY ***
Total pot 16,498 | Rake 0 | Jackpot 0 | Bingo 0 | Fortune 0 | Tax 0
Board [Th 4h Jc 9c 5s]
Seat 1: 8da0db93 folded before Flop
Seat 2: c883bffc folded before Flop
Seat 3: 3e47ac0f showed [Kd Kc] and won (16,498) with a pair of Kings
Seat 4: 3550e650 (button) folded before Flop
Seat 5: 9ed0498e (small blind) showed [5d Ad] and lost with a pair of Fives
Seat 6: 29c21e2e (big blind) folded before Flop
Seat 7: 4c2473a6 folded before Flop
Seat 8: Hero folded before Flop


Poker Hand #TM5371971045: Tournament #250297015, Daily Turbo $1 Hold'em No Limit - Level10(300/600) - 2025/12/24 02:08:55
Table '85' 8-max Seat #3 is the button
Seat 1: 8da0db93 (27,069 in chips)
Seat 2: c883bffc (25,625 in chips)
Seat 3: 3e47ac0f (7,799 in chips)
Seat 4: 3550e650 (28,549 in chips)
Seat 5: 9ed0498e (10,000 in chips)
Seat 6: 29c21e2e (26,172 in chips)
Seat 7: 4c2473a6 (29,402 in chips)
Seat 8: Hero (16,848 in chips)
c883bffc: posts the ante 75
4c2473a6: posts the ante 75
29c21e2e: posts the ante 75
8da0db93: posts the ante 75
Hero: posts the ante 75
9ed0498e: posts the ante 75
3e47ac0f: posts the ante 75
3550e650: posts the ante 75
3550e650: posts small blind 300
9ed0498e: posts big blind 600
*** HOLE CARDS ***
Dealt to 8da0db93 
Dealt to c883bffc 
Dealt to 3e47ac0f 
Dealt to 3550e650 
Dealt to 9ed0498e 
Dealt to 29c21e2e 
Dealt to 4c2473a6 
Dealt to Hero [Ts 2s]
29c21e2e: folds
4c2473a6: folds
Hero: folds
8da0db93: folds
c883bffc: folds
3e47ac0f: folds
3550e650: folds
Uncalled bet (300) returned to 9ed0498e
*** SHOWDOWN ***
9ed0498e collected 1,200 from pot
*** SUMMARY ***
Total pot 1,200 | Rake 0 | Jackpot 0 | Bingo 0 | Fortune 0 | Tax 0
Seat 1: 8da0db93 folded before Flop
Seat 2: c883bffc folded before Flop
Seat 3: 3e47ac0f (button) folded before Flop
Seat 4: 3550e650 (small blind) folded before Flop
Seat 5: 9ed0498e (big blind) collected (1,200)
Seat 6: 29c21e2e folded before Flop
Seat 7: 4c2473a6 folded before Flop
Seat 8: Hero folded before Flop


Poker Hand #TM5371971022: Tournament #250297015, Daily Turbo $1 Hold'em No Limit - Level10(300/600) - 2025/12/24 02:08:07
Table '85' 8-max Seat #2 is the button
Seat 1: 8da0db93 (27,144 in chips)
Seat 2: c883bffc (25,700 in chips)
Seat 3: 3e47ac0f (8,174 in chips)
Seat 4: 3550e650 (29,224 in chips)
Seat 5: 38e91df3 (7,592 in chips)
Seat 6: 29c21e2e (26,247 in chips)
Seat 7: 4c2473a6 (20,460 in chips)
Seat 8: Hero (16,923 in chips)
c883bffc: posts the ante 75
4c2473a6: posts the ante 75
29c21e2e: posts the ante 75
8da0db93: posts the ante 75
Hero: posts the ante 75
38e91df3: posts the ante 75
3e47ac0f: posts the ante 75
3550e650: posts the ante 75
3e47ac0f: posts small blind 300
3550e650: posts big blind 600
*** HOLE CARDS ***
Dealt to 8da0db93 
Dealt to c883bffc 
Dealt to 3e47ac0f 
Dealt to 3550e650 
Dealt to 38e91df3 
Dealt to 29c21e2e 
Dealt to 4c2473a6 
Dealt to Hero [2c 6d]
38e91df3: raises 6,917 to 7,517 and is all-in
29c21e2e: folds
4c2473a6: raises 6,917 to 14,434
Hero: folds
8da0db93: folds
c883bffc: folds
3e47ac0f: folds
3550e650: folds
Uncalled bet (6,917) returned to 4c2473a6
4c2473a6: shows [9c 9d]
38e91df3: shows [5d 5s]
*** FLOP *** [5c 4s Kh]
*** TURN *** [5c 4s Kh] [8d]
*** RIVER *** [5c 4s Kh 8d] [9s]
*** SHOWDOWN ***
4c2473a6 collected 16,534 from pot
*** SUMMARY ***
Total pot 16,534 | Rake 0 | Jackpot 0 | Bingo 0 | Fortune 0 | Tax 0
Board [5c 4s Kh 8d 9s]
Seat 1: 8da0db93 folded before Flop
Seat 2: c883bffc (button) folded before Flop
Seat 3: 3e47ac0f (small blind) folded before Flop
Seat 4: 3550e650 (big blind) folded before Flop
Seat 5: 38e91df3 showed [5d 5s] and lost with three of a kind, Fives
Seat 6: 29c21e2e folded before Flop
Seat 7: 4c2473a6 showed [9c 9d] and won (16,534) with three of a kind, Nines
Seat 8: Hero folded before Flop


Poker Hand #TM5371970977: Tournament #250297015, Daily Turbo $1 Hold'em No Limit - Level9(250/500) - 2025/12/24 02:06:40
Table '85' 8-max Seat #1 is the button
Seat 1: 8da0db93 (27,204 in chips)
Seat 2: c883bffc (10,670 in chips)
Seat 3: 3e47ac0f (8,734 in chips)
Seat 4: 3550e650 (39,894 in chips)
Seat 5: 38e91df3 (7,652 in chips)
Seat 6: 29c21e2e (29,807 in chips)
Seat 7: 4c2473a6 (20,520 in chips)
Seat 8: Hero (16,983 in chips)
c883bffc: posts the ante 60
4c2473a6: posts the ante 60
29c21e2e: posts the ante 60
8da0db93: posts the ante 60
Hero: posts the ante 60
38e91df3: posts the ante 60
3e47ac0f: posts the ante 60
3550e650: posts the ante 60
c883bffc: posts small blind 250
3e47ac0f: posts big blind 500
*** HOLE CARDS ***
Dealt to 8da0db93 
Dealt to c883bffc 
Dealt to 3e47ac0f 
Dealt to 3550e650 
Dealt to 38e91df3 
Dealt to 29c21e2e 
Dealt to 4c2473a6 
Dealt to Hero [2c 9s]
3550e650: raises 1,000 to 1,500
38e91df3: folds
29c21e2e: calls 1,500
4c2473a6: folds
Hero: folds
8da0db93: folds
c883bffc: calls 1,250
3e47ac0f: folds
*** FLOP *** [Jh 5c Kc]
c883bffc: checks
3550e650: bets 2,000
29c21e2e: calls 2,000
c883bffc: raises 7,110 to 9,110 and is all-in
3550e650: raises 29,224 to 38,334 and is all-in
29c21e2e: folds
Uncalled bet (29,224) returned to 3550e650
3550e650: shows [Qh Qd] (a pair of Queens)
c883bffc: shows [Ks Td] (a pair of Kings)
*** TURN *** [Jh 5c Kc] [Kd]
*** RIVER *** [Jh 5c Kc Kd] [Jc]
*** SHOWDOWN ***
c883bffc collected 25,700 from pot
*** SUMMARY ***
Total pot 25,700 | Rake 0 | Jackpot 0 | Bingo 0 | Fortune 0 | Tax 0
Board [Jh 5c Kc Kd Jc]
Seat 1: 8da0db93 (button) folded before Flop
Seat 2: c883bffc (small blind) showed [Ks Td] and won (25,700) with a full house, Kings full of Jacks
Seat 3: 3e47ac0f (big blind) folded before Flop
Seat 4: 3550e650 showed [Qh Qd] and lost with two pair, Kings and Queens
Seat 5: 38e91df3 folded before Flop
Seat 6: 29c21e2e folded on the Flop
Seat 7: 4c2473a6 folded before Flop
Seat 8: Hero folded before Flop


Poker Hand #TM5371970963: Tournament #250297015, Daily Turbo $1 Hold'em No Limit - Level9(250/500) - 2025/12/24 02:06:20
Table '85' 8-max Seat #8 is the button
Seat 1: 8da0db93 (27,514 in chips)
Seat 2: c883bffc (10,000 in chips)
Seat 3: 3e47ac0f (8,794 in chips)
Seat 4: 3550e650 (39,954 in chips)
Seat 5: 38e91df3 (7,712 in chips)
Seat 6: 29c21e2e (29,867 in chips)
Seat 7: 4c2473a6 (20,580 in chips)
Seat 8: Hero (17,043 in chips)
c883bffc: posts the ante 60
4c2473a6: posts the ante 60
29c21e2e: posts the ante 60
8da0db93: posts the ante 60
Hero: posts the ante 60
38e91df3: posts the ante 60
3e47ac0f: posts the ante 60
3550e650: posts the ante 60
8da0db93: posts small blind 250
c883bffc: posts big blind 500
*** HOLE CARDS ***
Dealt to 8da0db93 
Dealt to c883bffc 
Dealt to 3e47ac0f 
Dealt to 3550e650 
Dealt to 38e91df3 
Dealt to 29c21e2e 
Dealt to 4c2473a6 
Dealt to Hero [2d 4d]
3e47ac0f: folds
3550e650: folds
38e91df3: folds
29c21e2e: folds
4c2473a6: folds
Hero: folds
8da0db93: folds
Uncalled bet (250) returned to c883bffc
*** SHOWDOWN ***
c883bffc collected 980 from pot
*** SUMMARY ***
Total pot 980 | Rake 0 | Jackpot 0 | Bingo 0 | Fortune 0 | Tax 0
Seat 1: 8da0db93 (small blind) folded before Flop
Seat 2: c883bffc (big blind) collected (980)
Seat 3: 3e47ac0f folded before Flop
Seat 4: 3550e650 folded before Flop
Seat 5: 38e91df3 folded before Flop
Seat 6: 29c21e2e folded before Flop
Seat 7: 4c2473a6 folded before Flop
Seat 8: Hero (button) folded before Flop


Poker Hand #TM5371970945: Tournament #250297015, Daily Turbo $1 Hold'em No Limit - Level9(250/500) - 2025/12/24 02:05:51
Table '85' 8-max Seat #7 is the button
Seat 1: 8da0db93 (28,074 in chips)
Seat 3: 3e47ac0f (8,854 in chips)
Seat 4: 3550e650 (40,014 in chips)
Seat 5: 38e91df3 (7,772 in chips)
Seat 6: 29c21e2e (29,927 in chips)
Seat 7: 4c2473a6 (20,640 in chips)
Seat 8: Hero (16,183 in chips)
4c2473a6: posts the ante 60
29c21e2e: posts the ante 60
8da0db93: posts the ante 60
Hero: posts the ante 60
38e91df3: posts the ante 60
3e47ac0f: posts the ante 60
3550e650: posts the ante 60
Hero: posts small blind 250
8da0db93: posts big blind 500
*** HOLE CARDS ***
Dealt to 8da0db93 
Dealt to 3e47ac0f 
Dealt to 3550e650 
Dealt to 38e91df3 
Dealt to 29c21e2e 
Dealt to 4c2473a6 
Dealt to Hero [Qc 6c]
3e47ac0f: folds
3550e650: folds
38e91df3: folds
29c21e2e: folds
4c2473a6: folds
Hero: raises 500 to 1,000
8da0db93: folds
Uncalled bet (500) returned to Hero
*** SHOWDOWN ***
Hero collected 1,420 from pot
*** SUMMARY ***
Total pot 1,420 | Rake 0 | Jackpot 0 | Bingo 0 | Fortune 0 | Tax 0
Seat 1: 8da0db93 (big blind) folded before Flop
Seat 3: 3e47ac0f folded before Flop
Seat 4: 3550e650 folded before Flop
Seat 5: 38e91df3 folded before Flop
Seat 6: 29c21e2e folded before Flop
Seat 7: 4c2473a6 (button) folded before Flop
Seat 8: Hero (small blind) collected (1,420)


Poker Hand #TM5371970914: Tournament #250297015, Daily Turbo $1 Hold'em No Limit - Level9(250/500) - 2025/12/24 02:05:00
Table '85' 8-max Seat #6 is the button
Seat 1: 8da0db93 (28,134 in chips)
Seat 2: a6838e60 (2,768 in chips)
Seat 3: 3e47ac0f (8,914 in chips)
Seat 4: 3550e650 (40,074 in chips)
Seat 5: 38e91df3 (7,832 in chips)
Seat 6: 29c21e2e (26,049 in chips)
Seat 7: 4c2473a6 (20,950 in chips)
Seat 8: Hero (16,743 in chips)
29c21e2e: posts the ante 60
4c2473a6: posts the ante 60
8da0db93: posts the ante 60
Hero: posts the ante 60
a6838e60: posts the ante 60
38e91df3: posts the ante 60
3e47ac0f: posts the ante 60
3550e650: posts the ante 60
4c2473a6: posts small blind 250
Hero: posts big blind 500
*** HOLE CARDS ***
Dealt to 8da0db93 
Dealt to a6838e60 
Dealt to 3e47ac0f 
Dealt to 3550e650 
Dealt to 38e91df3 
Dealt to 29c21e2e 
Dealt to 4c2473a6 
Dealt to Hero [Td 5s]
8da0db93: folds
a6838e60: raises 2,208 to 2,708 and is all-in
3e47ac0f: folds
3550e650: folds
38e91df3: folds
29c21e2e: calls 2,708
4c2473a6: folds
Hero: folds
a6838e60: shows [Ac 8c]
29c21e2e: shows [Th Qd]
*** FLOP *** [Ks Tc 4d]
*** TURN *** [Ks Tc 4d] [9s]
*** RIVER *** [Ks Tc 4d 9s] [9d]
*** SHOWDOWN ***
29c21e2e collected 6,646 from pot
*** SUMMARY ***
Total pot 6,646 | Rake 0 | Jackpot 0 | Bingo 0 | Fortune 0 | Tax 0
Board [Ks Tc 4d 9s 9d]
Seat 1: 8da0db93 folded before Flop
Seat 2: a6838e60 showed [Ac 8c] and lost with a pair of Nines
Seat 3: 3e47ac0f folded before Flop
Seat 4: 3550e650 folded before Flop
Seat 5: 38e91df3 folded before Flop
Seat 6: 29c21e2e (button) showed [Th Qd] and won (6,646) with two pair, Tens and Nines
Seat 7: 4c2473a6 (small blind) folded before Flop
Seat 8: Hero (big blind) folded before Flop


Poker Hand #TM5371970898: Tournament #250297015, Daily Turbo $1 Hold'em No Limit - Level9(250/500) - 2025/12/24 02:04:33
Table '85' 8-max Seat #5 is the button
Seat 1: 8da0db93 (28,194 in chips)
Seat 2: a6838e60 (1,598 in chips)
Seat 3: 3e47ac0f (8,974 in chips)
Seat 4: 3550e650 (40,134 in chips)
Seat 5: 38e91df3 (7,892 in chips)
Seat 6: 29c21e2e (26,359 in chips)
Seat 7: 4c2473a6 (21,510 in chips)
Seat 8: Hero (16,803 in chips)
4c2473a6: posts the ante 60
29c21e2e: posts the ante 60
8da0db93: posts the ante 60
Hero: posts the ante 60
a6838e60: posts the ante 60
38e91df3: posts the ante 60
3e47ac0f: posts the ante 60
3550e650: posts the ante 60
29c21e2e: posts small blind 250
4c2473a6: posts big blind 500
*** HOLE CARDS ***
Dealt to 8da0db93 
Dealt to a6838e60 
Dealt to 3e47ac0f 
Dealt to 3550e650 
Dealt to 38e91df3 
Dealt to 29c21e2e 
Dealt to 4c2473a6 
Dealt to Hero [Tc 3c]
Hero: folds
8da0db93: folds
a6838e60: raises 1,038 to 1,538 and is all-in
3e47ac0f: folds
3550e650: folds
38e91df3: folds
29c21e2e: folds
4c2473a6: folds
Uncalled bet (1,038) returned to a6838e60
*** SHOWDOWN ***
a6838e60 collected 1,730 from pot
*** SUMMARY ***
Total pot 1,730 | Rake 0 | Jackpot 0 | Bingo 0 | Fortune 0 | Tax 0
Seat 1: 8da0db93 folded before Flop
Seat 2: a6838e60 collected (1,730)
Seat 3: 3e47ac0f folded before Flop
Seat 4: 3550e650 folded before Flop
Seat 5: 38e91df3 (button) folded before Flop
Seat 6: 29c21e2e (small blind) folded before Flop
Seat 7: 4c2473a6 (big blind) folded before Flop
Seat 8: Hero folded before Flop


Poker Hand #TM5371970869: Tournament #250297015, Daily Turbo $1 Hold'em No Limit - Level9(250/500) - 2025/12/24 02:03:35
Table '85' 8-max Seat #4 is the button
Seat 1: 8da0db93 (28,254 in chips)
Seat 2: a6838e60 (21,110 in chips)
Seat 3: 3e47ac0f (9,034 in chips)
Seat 4: 3550e650 (19,512 in chips)
Seat 5: 38e91df3 (8,202 in chips)
Seat 6: 29c21e2e (26,919 in chips)
Seat 7: 4c2473a6 (21,570 in chips)
Seat 8: Hero (16,863 in chips)
4c2473a6: posts the ante 60
29c21e2e: posts the ante 60
8da0db93: posts the ante 60
Hero: posts the ante 60
a6838e60: posts the ante 60
3e47ac0f: posts the ante 60
38e91df3: posts the ante 60
3550e650: posts the ante 60
38e91df3: posts small blind 250
29c21e2e: posts big blind 500
*** HOLE CARDS ***
Dealt to 8da0db93 
Dealt to a6838e60 
Dealt to 3e47ac0f 
Dealt to 3550e650 
Dealt to 38e91df3 
Dealt to 29c21e2e 
Dealt to 4c2473a6 
Dealt to Hero [As 4h]
4c2473a6: folds
Hero: folds
8da0db93: folds
a6838e60: calls 500
3e47ac0f: folds
3550e650: raises 750 to 1,250
38e91df3: folds
29c21e2e: folds
a6838e60: calls 750
*** FLOP *** [9h Th Js]
a6838e60: checks
3550e650: bets 1,250
a6838e60: raises 6,230 to 7,480
3550e650: raises 10,722 to 18,202 and is all-in
a6838e60: calls 10,722
3550e650: shows [Jc Ks] (a pair of Jacks)
a6838e60: shows [6h 2h] (Jack high)
*** TURN *** [9h Th Js] [Ad]
*** RIVER *** [9h Th Js Ad] [Kc]
*** SHOWDOWN ***
3550e650 collected 40,134 from pot
*** SUMMARY ***
Total pot 40,134 | Rake 0 | Jackpot 0 | Bingo 0 | Fortune 0 | Tax 0
Board [9h Th Js Ad Kc]
Seat 1: 8da0db93 folded before Flop
Seat 2: a6838e60 showed [6h 2h] and lost with Ace high
Seat 3: 3e47ac0f folded before Flop
Seat 4: 3550e650 (button) showed [Jc Ks] and won (40,134) with two pair, Kings and Jacks
Seat 5: 38e91df3 (small blind) folded before Flop
Seat 6: 29c21e2e (big blind) folded before Flop
Seat 7: 4c2473a6 folded before Flop
Seat 8: Hero folded before Flop


Poker Hand #TM5371970846: Tournament #250297015, Daily Turbo $1 Hold'em No Limit - Level9(250/500) - 2025/12/24 02:02:43
Table '85' 8-max Seat #3 is the button
Seat 1: 8da0db93 (28,314 in chips)
Seat 2: a6838e60 (10,000 in chips)
Seat 3: 3e47ac0f (19,034 in chips)
Seat 4: 3550e650 (19,822 in chips)
Seat 5: 38e91df3 (8,762 in chips)
Seat 6: 29c21e2e (26,979 in chips)
Seat 7: 4c2473a6 (21,630 in chips)
Seat 8: Hero (16,923 in chips)
4c2473a6: posts the ante 60
29c21e2e: posts the ante 60
8da0db93: posts the ante 60
Hero: posts the ante 60
a6838e60: posts the ante 60
3e47ac0f: posts the ante 60
38e91df3: posts the ante 60
3550e650: posts the ante 60
3550e650: posts small blind 250
38e91df3: posts big blind 500
*** HOLE CARDS ***
Dealt to 8da0db93 
Dealt to a6838e60 
Dealt to 3e47ac0f 
Dealt to 3550e650 
Dealt to 38e91df3 
Dealt to 29c21e2e 
Dealt to 4c2473a6 
Dealt to Hero [3s 6s]
29c21e2e: folds
4c2473a6: folds
Hero: folds
8da0db93: folds
a6838e60: raises 2,000 to 2,500
3e47ac0f: raises 16,474 to 18,974 and is all-in
3550e650: folds
38e91df3: folds
a6838e60: calls 7,440 and is all-in
Uncalled bet (9,034) returned to 3e47ac0f
3e47ac0f: shows [Ad Jh]
a6838e60: shows [Qc 8s]
*** FLOP *** [2d 4c 3h]
*** TURN *** [2d 4c 3h] [6d]
*** RIVER *** [2d 4c 3h 6d] [8c]
*** SHOWDOWN ***
a6838e60 collected 21,110 from pot
*** SUMMARY ***
Total pot 21,110 | Rake 0 | Jackpot 0 | Bingo 0 | Fortune 0 | Tax 0
Board [2d 4c 3h 6d 8c]
Seat 1: 8da0db93 folded before Flop
Seat 2: a6838e60 showed [Qc 8s] and won (21,110) with a pair of Eights
Seat 3: 3e47ac0f (button) showed [Ad Jh] and lost with Ace high
Seat 4: 3550e650 (small blind) folded before Flop
Seat 5: 38e91df3 (big blind) folded before Flop
Seat 6: 29c21e2e folded before Flop
Seat 7: 4c2473a6 folded before Flop
Seat 8: Hero folded before Flop


Poker Hand #TM5370497647: Tournament #250297015, Daily Turbo $1 Hold'em No Limit - Level8(200/400) - 2025/12/24 01:54:16
Table '120' 8-max Seat #2 is the button
Seat 1: dc157336 (7,167 in chips)
Seat 2: 785356d3 (17,390 in chips)
Seat 3: 62c82be1 (14,733 in chips)
Seat 5: ce36698f (13,023 in chips)
Seat 6: dd11c6bb (3,565 in chips)
Seat 7: Hero (16,973 in chips)
Seat 8: e6bf9667 (12,382 in chips)
ce36698f: posts the ante 50
e6bf9667: posts the ante 50
Hero: posts the ante 50
62c82be1: posts the ante 50
785356d3: posts the ante 50
dc157336: posts the ante 50
dd11c6bb: posts the ante 50
62c82be1: posts small blind 200
ce36698f: posts big blind 400
*** HOLE CARDS ***
Dealt to dc157336 
Dealt to 785356d3 
Dealt to 62c82be1 
Dealt to ce36698f 
Dealt to dd11c6bb 
Dealt to Hero [5h 9s]
Dealt to e6bf9667 
dd11c6bb: raises 400 to 800
Hero: folds
e6bf9667: folds
dc157336: folds
785356d3: folds
62c82be1: calls 600
ce36698f: raises 4,000 to 4,800
dd11c6bb: calls 2,715 and is all-in
62c82be1: raises 9,883 to 14,683 and is all-in
ce36698f: calls 8,173 and is all-in
Uncalled bet (1,710) returned to 62c82be1
62c82be1: shows [Ts Qd]
ce36698f: shows [Qc Ad]
dd11c6bb: shows [Ks Jh]
*** FLOP *** [8d 3s Qh]
*** TURN *** [8d 3s Qh] [4h]
*** RIVER *** [8d 3s Qh 4h] [Td]
*** SHOWDOWN ***
62c82be1 collected 10,895 from pot
62c82be1 collected 18,916 from pot
*** SUMMARY ***
Total pot 29,811 | Rake 0 | Jackpot 0 | Bingo 0 | Fortune 0 | Tax 0
Board [8d 3s Qh 4h Td]
Seat 1: dc157336 folded before Flop
Seat 2: 785356d3 (button) folded before Flop
Seat 3: 62c82be1 (small blind) showed [Ts Qd] and won (29,811) with two pair, Queens and Tens
Seat 5: ce36698f (big blind) showed [Qc Ad] and lost with a pair of Queens
Seat 6: dd11c6bb showed [Ks Jh] and lost with King high
Seat 7: Hero folded before Flop
Seat 8: e6bf9667 folded before Flop


Poker Hand #TM5370497636: Tournament #250297015, Daily Turbo $1 Hold'em No Limit - Level8(200/400) - 2025/12/24 01:53:52
Table '120' 8-max Seat #1 is the button
Seat 1: dc157336 (7,217 in chips)
Seat 2: 785356d3 (17,840 in chips)
Seat 3: 62c82be1 (13,983 in chips)
Seat 4: 8ac64cca (16,568 in chips)
Seat 5: ce36698f (13,073 in chips)
Seat 6: dd11c6bb (3,615 in chips)
Seat 7: Hero (17,023 in chips)
Seat 8: e6bf9667 (12,432 in chips)
ce36698f: posts the ante 50
8ac64cca: posts the ante 50
e6bf9667: posts the ante 50
Hero: posts the ante 50
62c82be1: posts the ante 50
dc157336: posts the ante 50
785356d3: posts the ante 50
dd11c6bb: posts the ante 50
785356d3: posts small blind 200
62c82be1: posts big blind 400
*** HOLE CARDS ***
Dealt to dc157336 
Dealt to 785356d3 
Dealt to 62c82be1 
Dealt to 8ac64cca 
Dealt to ce36698f 
Dealt to dd11c6bb 
Dealt to Hero [7c Qd]
Dealt to e6bf9667 
8ac64cca: folds
ce36698f: folds
dd11c6bb: folds
Hero: folds
e6bf9667: folds
dc157336: folds
785356d3: calls 200
62c82be1: raises 13,533 to 13,933 and is all-in
785356d3: folds
Uncalled bet (13,533) returned to 62c82be1
*** SHOWDOWN ***
62c82be1 collected 1,200 from pot
*** SUMMARY ***
Total pot 1,200 | Rake 0 | Jackpot 0 | Bingo 0 | Fortune 0 | Tax 0
Seat 1: dc157336 (button) folded before Flop
Seat 2: 785356d3 (small blind) folded before Flop
Seat 3: 62c82be1 (big blind) collected (1,200)
Seat 4: 8ac64cca folded before Flop
Seat 5: ce36698f folded before Flop
Seat 6: dd11c6bb folded before Flop
Seat 7: Hero folded before Flop
Seat 8: e6bf9667 folded before Flop


Poker Hand #TM5370497619: Tournament #250297015, Daily Turbo $1 Hold'em No Limit - Level8(200/400) - 2025/12/24 01:53:20
Table '120' 8-max Seat #8 is the button
Seat 1: dc157336 (7,467 in chips)
Seat 2: 785356d3 (18,290 in chips)
Seat 3: 62c82be1 (13,033 in chips)
Seat 4: 8ac64cca (16,618 in chips)
Seat 5: ce36698f (13,123 in chips)
Seat 6: dd11c6bb (3,665 in chips)
Seat 7: Hero (17,073 in chips)
Seat 8: e6bf9667 (12,482 in chips)
ce36698f: posts the ante 50
8ac64cca: posts the ante 50
e6bf9667: posts the ante 50
Hero: posts the ante 50
62c82be1: posts the ante 50
785356d3: posts the ante 50
dc157336: posts the ante 50
dd11c6bb: posts the ante 50
dc157336: posts small blind 200
785356d3: posts big blind 400
*** HOLE CARDS ***
Dealt to dc157336 
Dealt to 785356d3 
Dealt to 62c82be1 
Dealt to 8ac64cca 
Dealt to ce36698f 
Dealt to dd11c6bb 
Dealt to Hero [2c 6h]
Dealt to e6bf9667 
62c82be1: raises 600 to 1,000
8ac64cca: folds
ce36698f: folds
dd11c6bb: folds
Hero: folds
e6bf9667: folds
dc157336: folds
785356d3: folds
Uncalled bet (600) returned to 62c82be1
*** SHOWDOWN ***
62c82be1 collected 1,400 from pot
*** SUMMARY ***
Total pot 1,400 | Rake 0 | Jackpot 0 | Bingo 0 | Fortune 0 | Tax 0
Seat 1: dc157336 (small blind) folded before Flop
Seat 2: 785356d3 (big blind) folded before Flop
Seat 3: 62c82be1 collected (1,400)
Seat 4: 8ac64cca folded before Flop
Seat 5: ce36698f folded before Flop
Seat 6: dd11c6bb folded before Flop
Seat 7: Hero folded before Flop
Seat 8: e6bf9667 (button) folded before Flop


Poker Hand #TM5370497612: Tournament #250297015, Daily Turbo $1 Hold'em No Limit - Level8(200/400) - 2025/12/24 01:52:44
Table '120' 8-max Seat #7 is the button
Seat 1: dc157336 (7,917 in chips)
Seat 2: 785356d3 (18,340 in chips)
Seat 3: 62c82be1 (12,083 in chips)
Seat 4: 8ac64cca (16,668 in chips)
Seat 5: ce36698f (13,173 in chips)
Seat 6: dd11c6bb (3,715 in chips)
Seat 7: Hero (17,123 in chips)
Seat 8: e6bf9667 (12,732 in chips)
ce36698f: posts the ante 50
8ac64cca: posts the ante 50
e6bf9667: posts the ante 50
Hero: posts the ante 50
62c82be1: posts the ante 50
785356d3: posts the ante 50
dc157336: posts the ante 50
dd11c6bb: posts the ante 50
e6bf9667: posts small blind 200
dc157336: posts big blind 400
*** HOLE CARDS ***
Dealt to dc157336 
Dealt to 785356d3 
Dealt to 62c82be1 
Dealt to 8ac64cca 
Dealt to ce36698f 
Dealt to dd11c6bb 
Dealt to Hero [Jd 8h]
Dealt to e6bf9667 
785356d3: folds
62c82be1: raises 11,633 to 12,033 and is all-in
8ac64cca: folds
ce36698f: folds
dd11c6bb: folds
Hero: folds
e6bf9667: folds
dc157336: folds
Uncalled bet (11,633) returned to 62c82be1
*** SHOWDOWN ***
62c82be1 collected 1,400 from pot
*** SUMMARY ***
Total pot 1,400 | Rake 0 | Jackpot 0 | Bingo 0 | Fortune 0 | Tax 0
Seat 1: dc157336 (big blind) folded before Flop
Seat 2: 785356d3 folded before Flop
Seat 3: 62c82be1 collected (1,400)
Seat 4: 8ac64cca folded before Flop
Seat 5: ce36698f folded before Flop
Seat 6: dd11c6bb folded before Flop
Seat 7: Hero (button) folded before Flop
Seat 8: e6bf9667 (small blind) folded before Flop


Poker Hand #TM5370497576: Tournament #250297015, Daily Turbo $1 Hold'em No Limit - Level8(200/400) - 2025/12/24 01:51:23
Table '120' 8-max Seat #6 is the button
Seat 1: dc157336 (7,967 in chips)
Seat 2: 785356d3 (8,820 in chips)
Seat 3: 62c82be1 (12,133 in chips)
Seat 4: 8ac64cca (16,718 in chips)
Seat 5: ce36698f (13,223 in chips)
Seat 6: dd11c6bb (3,765 in chips)
Seat 7: Hero (25,943 in chips)
Seat 8: e6bf9667 (13,182 in chips)
ce36698f: posts the ante 50
8ac64cca: posts the ante 50
e6bf9667: posts the ante 50
Hero: posts the ante 50
62c82be1: posts the ante 50
785356d3: posts the ante 50
dc157336: posts the ante 50
dd11c6bb: posts the ante 50
Hero: posts small blind 200
e6bf9667: posts big blind 400
*** HOLE CARDS ***
Dealt to dc157336 
Dealt to 785356d3 
Dealt to 62c82be1 
Dealt to 8ac64cca 
Dealt to ce36698f 
Dealt to dd11c6bb 
Dealt to Hero [Kh Ac]
Dealt to e6bf9667 
dc157336: folds
785356d3: raises 560 to 960
62c82be1: folds
8ac64cca: folds
ce36698f: folds
dd11c6bb: folds
Hero: raises 2,240 to 3,200
e6bf9667: folds
785356d3: calls 2,240
*** FLOP *** [Td 5d 7c]
Hero: bets 3,240
785356d3: raises 2,330 to 5,570 and is all-in
Hero: calls 2,330
785356d3: shows [Th 9h] (a pair of Tens)
Hero: shows [Kh Ac] (Ace high)
*** TURN *** [Td 5d 7c] [8s]
*** RIVER *** [Td 5d 7c 8s] [Qh]
*** SHOWDOWN ***
785356d3 collected 18,340 from pot
*** SUMMARY ***
Total pot 18,340 | Rake 0 | Jackpot 0 | Bingo 0 | Fortune 0 | Tax 0
Board [Td 5d 7c 8s Qh]
Seat 1: dc157336 folded before Flop
Seat 2: 785356d3 showed [Th 9h] and won (18,340) with a pair of Tens
Seat 3: 62c82be1 folded before Flop
Seat 4: 8ac64cca folded before Flop
Seat 5: ce36698f folded before Flop
Seat 6: dd11c6bb (button) folded before Flop
Seat 7: Hero (small blind) showed [Kh Ac] and lost with Ace high
Seat 8: e6bf9667 (big blind) folded before Flop


Poker Hand #TM5370497555: Tournament #250297015, Daily Turbo $1 Hold'em No Limit - Level8(200/400) - 2025/12/24 01:50:33
Table '120' 8-max Seat #5 is the button
Seat 1: dc157336 (8,017 in chips)
Seat 2: 785356d3 (8,870 in chips)
Seat 3: 62c82be1 (12,183 in chips)
Seat 4: 8ac64cca (16,768 in chips)
Seat 5: ce36698f (13,273 in chips)
Seat 6: dd11c6bb (4,015 in chips)
Seat 7: Hero (25,393 in chips)
Seat 8: e6bf9667 (13,232 in chips)
ce36698f: posts the ante 50
8ac64cca: posts the ante 50
e6bf9667: posts the ante 50
Hero: posts the ante 50
62c82be1: posts the ante 50
785356d3: posts the ante 50
dc157336: posts the ante 50
dd11c6bb: posts the ante 50
dd11c6bb: posts small blind 200
Hero: posts big blind 400
*** HOLE CARDS ***
Dealt to dc157336 
Dealt to 785356d3 
Dealt to 62c82be1 
Dealt to 8ac64cca 
Dealt to ce36698f 
Dealt to dd11c6bb 
Dealt to Hero [5d 2c]
Dealt to e6bf9667 
e6bf9667: folds
dc157336: folds
785356d3: folds
62c82be1: folds
8ac64cca: folds
ce36698f: folds
dd11c6bb: folds
Uncalled bet (200) returned to Hero
*** SHOWDOWN ***
Hero collected 800 from pot
*** SUMMARY ***
Total pot 800 | Rake 0 | Jackpot 0 | Bingo 0 | Fortune 0 | Tax 0
Seat 1: dc157336 folded before Flop
Seat 2: 785356d3 folded before Flop
Seat 3: 62c82be1 folded before Flop
Seat 4: 8ac64cca folded before Flop
Seat 5: ce36698f (button) folded before Flop
Seat 6: dd11c6bb (small blind) folded before Flop
Seat 7: Hero (big blind) collected (800)
Seat 8: e6bf9667 folded before Flop


Poker Hand #TM5370497540: Tournament #250297015, Daily Turbo $1 Hold'em No Limit - Level7(160/320) - 2025/12/24 01:49:53
Table '120' 8-max Seat #4 is the button
Seat 1: dc157336 (8,057 in chips)
Seat 2: 785356d3 (8,910 in chips)
Seat 3: 62c82be1 (12,223 in chips)
Seat 4: 8ac64cca (17,768 in chips)
Seat 5: ce36698f (13,473 in chips)
Seat 6: dd11c6bb (4,375 in chips)
Seat 7: Hero (25,433 in chips)
Seat 8: e6bf9667 (11,512 in chips)
8ac64cca: posts the ante 40
ce36698f: posts the ante 40
e6bf9667: posts the ante 40
Hero: posts the ante 40
62c82be1: posts the ante 40
785356d3: posts the ante 40
dc157336: posts the ante 40
dd11c6bb: posts the ante 40
ce36698f: posts small blind 160
dd11c6bb: posts big blind 320
*** HOLE CARDS ***
Dealt to dc157336 
Dealt to 785356d3 
Dealt to 62c82be1 
Dealt to 8ac64cca 
Dealt to ce36698f 
Dealt to dd11c6bb 
Dealt to Hero [4h 7d]
Dealt to e6bf9667 
Hero: folds
e6bf9667: raises 640 to 960
dc157336: folds
785356d3: folds
62c82be1: folds
8ac64cca: calls 960
ce36698f: folds
dd11c6bb: folds
*** FLOP *** [6d 9h Td]
e6bf9667: bets 898
8ac64cca: folds
Uncalled bet (898) returned to e6bf9667
*** SHOWDOWN ***
e6bf9667 collected 2,720 from pot
*** SUMMARY ***
Total pot 2,720 | Rake 0 | Jackpot 0 | Bingo 0 | Fortune 0 | Tax 0
Board [6d 9h Td]
Seat 1: dc157336 folded before Flop
Seat 2: 785356d3 folded before Flop
Seat 3: 62c82be1 folded before Flop
Seat 4: 8ac64cca (button) folded on the Flop
Seat 5: ce36698f (small blind) folded before Flop
Seat 6: dd11c6bb (big blind) folded before Flop
Seat 7: Hero folded before Flop
Seat 8: e6bf9667 won (2,720)


Poker Hand #TM5370497509: Tournament #250297015, Daily Turbo $1 Hold'em No Limit - Level7(160/320) - 2025/12/24 01:48:35
Table '120' 8-max Seat #3 is the button
Seat 1: dc157336 (8,097 in chips)
Seat 2: 785356d3 (8,950 in chips)
Seat 3: 62c82be1 (12,263 in chips)
Seat 4: 8ac64cca (17,968 in chips)
Seat 5: ce36698f (15,265 in chips)
Seat 6: dd11c6bb (4,415 in chips)
Seat 7: Hero (25,473 in chips)
Seat 8: e6bf9667 (9,320 in chips)
ce36698f: posts the ante 40
8ac64cca: posts the ante 40
e6bf9667: posts the ante 40
Hero: posts the ante 40
62c82be1: posts the ante 40
785356d3: posts the ante 40
dc157336: posts the ante 40
dd11c6bb: posts the ante 40
8ac64cca: posts small blind 160
ce36698f: posts big blind 320
*** HOLE CARDS ***
Dealt to dc157336 
Dealt to 785356d3 
Dealt to 62c82be1 
Dealt to 8ac64cca 
Dealt to ce36698f 
Dealt to dd11c6bb 
Dealt to Hero [Jc 3c]
Dealt to e6bf9667 
dd11c6bb: folds
Hero: folds
e6bf9667: raises 640 to 960
dc157336: folds
785356d3: folds
62c82be1: folds
8ac64cca: folds
ce36698f: calls 640
*** FLOP *** [Qc 4c 5h]
ce36698f: checks
e6bf9667: bets 792
ce36698f: calls 792
*** TURN *** [Qc 4c 5h] [Kc]
ce36698f: checks
e6bf9667: bets 1,992
ce36698f: folds
Uncalled bet (1,992) returned to e6bf9667
*** SHOWDOWN ***
e6bf9667 collected 3,984 from pot
*** SUMMARY ***
Total pot 3,984 | Rake 0 | Jackpot 0 | Bingo 0 | Fortune 0 | Tax 0
Board [Qc 4c 5h Kc]
Seat 1: dc157336 folded before Flop
Seat 2: 785356d3 folded before Flop
Seat 3: 62c82be1 (button) folded before Flop
Seat 4: 8ac64cca (small blind) folded before Flop
Seat 5: ce36698f (big blind) folded on the Turn
Seat 6: dd11c6bb folded before Flop
Seat 7: Hero folded before Flop
Seat 8: e6bf9667 won (3,984)


Poker Hand #TM5370497495: Tournament #250297015, Daily Turbo $1 Hold'em No Limit - Level7(160/320) - 2025/12/24 01:48:00
Table '120' 8-max Seat #2 is the button
Seat 1: dc157336 (8,137 in chips)
Seat 2: 785356d3 (8,990 in chips)
Seat 3: 62c82be1 (11,023 in chips)
Seat 4: 8ac64cca (18,328 in chips)
Seat 5: ce36698f (15,305 in chips)
Seat 6: dd11c6bb (4,455 in chips)
Seat 7: Hero (25,513 in chips)
Seat 8: e6bf9667 (10,000 in chips)
ce36698f: posts the ante 40
8ac64cca: posts the ante 40
e6bf9667: posts the ante 40
Hero: posts the ante 40
62c82be1: posts the ante 40
785356d3: posts the ante 40
dc157336: posts the ante 40
dd11c6bb: posts the ante 40
62c82be1: posts small blind 160
8ac64cca: posts big blind 320
*** HOLE CARDS ***
Dealt to dc157336 
Dealt to 785356d3 
Dealt to 62c82be1 
Dealt to 8ac64cca 
Dealt to ce36698f 
Dealt to dd11c6bb 
Dealt to Hero [As 9d]
Dealt to e6bf9667 
ce36698f: folds
dd11c6bb: folds
Hero: folds
e6bf9667: raises 320 to 640
dc157336: folds
785356d3: folds
62c82be1: raises 10,343 to 10,983 and is all-in
8ac64cca: folds
e6bf9667: folds
Uncalled bet (10,343) returned to 62c82be1
*** SHOWDOWN ***
62c82be1 collected 1,920 from pot
*** SUMMARY ***
Total pot 1,920 | Rake 0 | Jackpot 0 | Bingo 0 | Fortune 0 | Tax 0
Seat 1: dc157336 folded before Flop
Seat 2: 785356d3 (button) folded before Flop
Seat 3: 62c82be1 (small blind) collected (1,920)
Seat 4: 8ac64cca (big blind) folded before Flop
Seat 5: ce36698f folded before Flop
Seat 6: dd11c6bb folded before Flop
Seat 7: Hero folded before Flop
Seat 8: e6bf9667 folded before Flop


Poker Hand #TM5370497474: Tournament #250297015, Daily Turbo $1 Hold'em No Limit - Level7(160/320) - 2025/12/24 01:47:10
Table '120' 8-max Seat #1 is the button
Seat 1: dc157336 (9,385 in chips)
Seat 2: 785356d3 (9,190 in chips)
Seat 3: 62c82be1 (9,415 in chips)
Seat 4: 8ac64cca (18,368 in chips)
Seat 5: ce36698f (15,345 in chips)
Seat 6: dd11c6bb (4,495 in chips)
Seat 7: Hero (25,553 in chips)
ce36698f: posts the ante 40
8ac64cca: posts the ante 40
Hero: posts the ante 40
62c82be1: posts the ante 40
dc157336: posts the ante 40
785356d3: posts the ante 40
dd11c6bb: posts the ante 40
785356d3: posts small blind 160
62c82be1: posts big blind 320
*** HOLE CARDS ***
Dealt to dc157336 
Dealt to 785356d3 
Dealt to 62c82be1 
Dealt to 8ac64cca 
Dealt to ce36698f 
Dealt to dd11c6bb 
Dealt to Hero [9d 8c]
8ac64cca: folds
ce36698f: folds
dd11c6bb: folds
Hero: folds
dc157336: raises 320 to 640
785356d3: folds
62c82be1: calls 320
*** FLOP *** [3c Ac 3s]
62c82be1: checks
dc157336: bets 568
62c82be1: raises 943 to 1,511
dc157336: folds
Uncalled bet (943) returned to 62c82be1
*** SHOWDOWN ***
62c82be1 collected 2,856 from pot
*** SUMMARY ***
Total pot 2,856 | Rake 0 | Jackpot 0 | Bingo 0 | Fortune 0 | Tax 0
Board [3c Ac 3s]
Seat 1: dc157336 (button) folded on the Flop
Seat 2: 785356d3 (small blind) folded before Flop
Seat 3: 62c82be1 (big blind) won (2,856)
Seat 4: 8ac64cca folded before Flop
Seat 5: ce36698f folded before Flop
Seat 6: dd11c6bb folded before Flop
Seat 7: Hero folded before Flop


Poker Hand #TM5370497447: Tournament #250297015, Daily Turbo $1 Hold'em No Limit - Level7(160/320) - 2025/12/24 01:46:11
Table '120' 8-max Seat #8 is the button
Seat 1: dc157336 (9,585 in chips)
Seat 2: 785356d3 (9,550 in chips)
Seat 3: 62c82be1 (9,455 in chips)
Seat 4: 8ac64cca (18,408 in chips)
Seat 5: ce36698f (15,385 in chips)
Seat 6: dd11c6bb (5,175 in chips)
Seat 7: Hero (16,075 in chips)
Seat 8: ecafa66c (8,118 in chips)
ecafa66c: posts the ante 40
ce36698f: posts the ante 40
8ac64cca: posts the ante 40
Hero: posts the ante 40
62c82be1: posts the ante 40
785356d3: posts the ante 40
dc157336: posts the ante 40
dd11c6bb: posts the ante 40
dc157336: posts small blind 160
785356d3: posts big blind 320
*** HOLE CARDS ***
Dealt to dc157336 
Dealt to 785356d3 
Dealt to 62c82be1 
Dealt to 8ac64cca 
Dealt to ce36698f 
Dealt to dd11c6bb 
Dealt to Hero [Qs Qd]
Dealt to ecafa66c 
62c82be1: folds
8ac64cca: folds
ce36698f: folds
dd11c6bb: raises 320 to 640
Hero: raises 1,280 to 1,920
ecafa66c: raises 6,158 to 8,078 and is all-in
dc157336: folds
785356d3: folds
dd11c6bb: folds
Hero: calls 6,158
ecafa66c: shows [As Jh]
Hero: shows [Qs Qd]
*** FLOP *** [2c 7c 6d]
*** TURN *** [2c 7c 6d] [4c]
*** RIVER *** [2c 7c 6d 4c] [Tc]
*** SHOWDOWN ***
Hero collected 17,596 from pot
*** SUMMARY ***
Total pot 17,596 | Rake 0 | Jackpot 0 | Bingo 0 | Fortune 0 | Tax 0
Board [2c 7c 6d 4c Tc]
Seat 1: dc157336 (small blind) folded before Flop
Seat 2: 785356d3 (big blind) folded before Flop
Seat 3: 62c82be1 folded before Flop
Seat 4: 8ac64cca folded before Flop
Seat 5: ce36698f folded before Flop
Seat 6: dd11c6bb folded before Flop
Seat 7: Hero showed [Qs Qd] and won (17,596) with a pair of Queens
Seat 8: ecafa66c (button) showed [As Jh] and lost with Ace high


Poker Hand #TM5370497435: Tournament #250297015, Daily Turbo $1 Hold'em No Limit - Level7(160/320) - 2025/12/24 01:45:50
Table '120' 8-max Seat #7 is the button
Seat 1: dc157336 (9,945 in chips)
Seat 2: 785356d3 (9,590 in chips)
Seat 3: 62c82be1 (9,495 in chips)
Seat 4: 8ac64cca (18,448 in chips)
Seat 5: ce36698f (15,425 in chips)
Seat 6: dd11c6bb (5,215 in chips)
Seat 7: Hero (15,315 in chips)
Seat 8: ecafa66c (8,318 in chips)
ecafa66c: posts the ante 40
ce36698f: posts the ante 40
8ac64cca: posts the ante 40
Hero: posts the ante 40
62c82be1: posts the ante 40
785356d3: posts the ante 40
dc157336: posts the ante 40
dd11c6bb: posts the ante 40
ecafa66c: posts small blind 160
dc157336: posts big blind 320
*** HOLE CARDS ***
Dealt to dc157336 
Dealt to 785356d3 
Dealt to 62c82be1 
Dealt to 8ac64cca 
Dealt to ce36698f 
Dealt to dd11c6bb 
Dealt to Hero [Kc Jd]
Dealt to ecafa66c 
785356d3: folds
62c82be1: folds
8ac64cca: folds
ce36698f: folds
dd11c6bb: folds
Hero: raises 320 to 640
ecafa66c: folds
dc157336: folds
Uncalled bet (320) returned to Hero
*** SHOWDOWN ***
Hero collected 1,120 from pot
*** SUMMARY ***
Total pot 1,120 | Rake 0 | Jackpot 0 | Bingo 0 | Fortune 0 | Tax 0
Seat 1: dc157336 (big blind) folded before Flop
Seat 2: 785356d3 folded before Flop
Seat 3: 62c82be1 folded before Flop
Seat 4: 8ac64cca folded before Flop
Seat 5: ce36698f folded before Flop
Seat 6: dd11c6bb folded before Flop
Seat 7: Hero (button) collected (1,120)
Seat 8: ecafa66c (small blind) folded before Flop


Poker Hand #TM5370497389: Tournament #250297015, Daily Turbo $1 Hold'em No Limit - Level6(140/280) - 2025/12/24 01:44:30
Table '120' 8-max Seat #6 is the button
Seat 1: dc157336 (9,980 in chips)
Seat 2: 785356d3 (9,625 in chips)
Seat 3: 62c82be1 (9,530 in chips)
Seat 4: 8ac64cca (17,503 in chips)
Seat 5: ce36698f (15,460 in chips)
Seat 6: dd11c6bb (5,250 in chips)
Seat 7: Hero (15,490 in chips)
Seat 8: ecafa66c (8,913 in chips)
ecafa66c: posts the ante 35
ce36698f: posts the ante 35
8ac64cca: posts the ante 35
Hero: posts the ante 35
62c82be1: posts the ante 35
785356d3: posts the ante 35
dc157336: posts the ante 35
dd11c6bb: posts the ante 35
Hero: posts small blind 140
ecafa66c: posts big blind 280
*** HOLE CARDS ***
Dealt to dc157336 
Dealt to 785356d3 
Dealt to 62c82be1 
Dealt to 8ac64cca 
Dealt to ce36698f 
Dealt to dd11c6bb 
Dealt to Hero [Td 6c]
Dealt to ecafa66c 
dc157336: folds
785356d3: folds
62c82be1: folds
8ac64cca: raises 280 to 560
ce36698f: folds
dd11c6bb: folds
Hero: folds
ecafa66c: calls 280
*** FLOP *** [Ad 6s As]
ecafa66c: checks
8ac64cca: checks
*** TURN *** [Ad 6s As] [3c]
ecafa66c: checks
8ac64cca: checks
*** RIVER *** [Ad 6s As 3c] [Ts]
ecafa66c: checks
8ac64cca: checks
ecafa66c: shows [8h Kd] (a pair of Aces)
8ac64cca: shows [2s 2c] (two pair, Aces and Twos)
*** SHOWDOWN ***
8ac64cca collected 1,540 from pot
*** SUMMARY ***
Total pot 1,540 | Rake 0 | Jackpot 0 | Bingo 0 | Fortune 0 | Tax 0
Board [Ad 6s As 3c Ts]
Seat 1: dc157336 folded before Flop
Seat 2: 785356d3 folded before Flop
Seat 3: 62c82be1 folded before Flop
Seat 4: 8ac64cca showed [2s 2c] and won (1,540) with two pair, Aces and Twos
Seat 5: ce36698f folded before Flop
Seat 6: dd11c6bb (button) folded before Flop
Seat 7: Hero (small blind) folded before Flop
Seat 8: ecafa66c (big blind) showed [8h Kd] and lost with a pair of Aces


Poker Hand #TM5370497368: Tournament #250297015, Daily Turbo $1 Hold'em No Limit - Level6(140/280) - 2025/12/24 01:43:36
Table '120' 8-max Seat #5 is the button
Seat 1: dc157336 (10,015 in chips)
Seat 2: 785356d3 (9,660 in chips)
Seat 3: 62c82be1 (7,080 in chips)
Seat 4: 8ac64cca (17,538 in chips)
Seat 5: ce36698f (15,495 in chips)
Seat 6: dd11c6bb (5,425 in chips)
Seat 7: Hero (17,590 in chips)
Seat 8: ecafa66c (8,948 in chips)
ecafa66c: posts the ante 35
ce36698f: posts the ante 35
8ac64cca: posts the ante 35
Hero: posts the ante 35
62c82be1: posts the ante 35
785356d3: posts the ante 35
dc157336: posts the ante 35
dd11c6bb: posts the ante 35
dd11c6bb: posts small blind 140
Hero: posts big blind 280
*** HOLE CARDS ***
Dealt to dc157336 
Dealt to 785356d3 
Dealt to 62c82be1 
Dealt to 8ac64cca 
Dealt to ce36698f 
Dealt to dd11c6bb 
Dealt to Hero [8c Qc]
Dealt to ecafa66c 
ecafa66c: folds
dc157336: folds
785356d3: folds
62c82be1: raises 420 to 700
8ac64cca: folds
ce36698f: folds
dd11c6bb: folds
Hero: calls 420
*** FLOP *** [2d Tc Kh]
Hero: checks
62c82be1: bets 1,365
Hero: calls 1,365
*** TURN *** [2d Tc Kh] [7h]
Hero: checks
62c82be1: bets 4,980 and is all-in
Hero: folds
Uncalled bet (4,980) returned to 62c82be1
*** SHOWDOWN ***
62c82be1 collected 4,550 from pot
*** SUMMARY ***
Total pot 4,550 | Rake 0 | Jackpot 0 | Bingo 0 | Fortune 0 | Tax 0
Board [2d Tc Kh 7h]
Seat 1: dc157336 folded before Flop
Seat 2: 785356d3 folded before Flop
Seat 3: 62c82be1 won (4,550)
Seat 4: 8ac64cca folded before Flop
Seat 5: ce36698f (button) folded before Flop
Seat 6: dd11c6bb (small blind) folded before Flop
Seat 7: Hero (big blind) folded on the Turn
Seat 8: ecafa66c folded before Flop


Poker Hand #TM5370497343: Tournament #250297015, Daily Turbo $1 Hold'em No Limit - Level6(140/280) - 2025/12/24 01:42:55
Table '120' 8-max Seat #4 is the button
Seat 1: dc157336 (10,050 in chips)
Seat 2: 785356d3 (9,695 in chips)
Seat 3: 62c82be1 (7,115 in chips)
Seat 4: 8ac64cca (17,573 in chips)
Seat 5: ce36698f (14,970 in chips)
Seat 6: dd11c6bb (5,740 in chips)
Seat 7: Hero (17,625 in chips)
Seat 8: ecafa66c (8,983 in chips)
ecafa66c: posts the ante 35
8ac64cca: posts the ante 35
ce36698f: posts the ante 35
Hero: posts the ante 35
62c82be1: posts the ante 35
785356d3: posts the ante 35
dc157336: posts the ante 35
dd11c6bb: posts the ante 35
ce36698f: posts small blind 140
dd11c6bb: posts big blind 280
*** HOLE CARDS ***
Dealt to dc157336 
Dealt to 785356d3 
Dealt to 62c82be1 
Dealt to 8ac64cca 
Dealt to ce36698f 
Dealt to dd11c6bb 
Dealt to Hero [2h Jh]
Dealt to ecafa66c 
Hero: folds
ecafa66c: folds
dc157336: folds
785356d3: folds
62c82be1: folds
8ac64cca: folds
ce36698f: raises 840 to 1,120
dd11c6bb: folds
Uncalled bet (840) returned to ce36698f
*** SHOWDOWN ***
ce36698f collected 840 from pot
*** SUMMARY ***
Total pot 840 | Rake 0 | Jackpot 0 | Bingo 0 | Fortune 0 | Tax 0
Seat 1: dc157336 folded before Flop
Seat 2: 785356d3 folded before Flop
Seat 3: 62c82be1 folded before Flop
Seat 4: 8ac64cca (button) folded before Flop
Seat 5: ce36698f (small blind) collected (840)
Seat 6: dd11c6bb (big blind) folded before Flop
Seat 7: Hero folded before Flop
Seat 8: ecafa66c folded before Flop


Poker Hand #TM5370497320: Tournament #250297015, Daily Turbo $1 Hold'em No Limit - Level6(140/280) - 2025/12/24 01:42:00
Table '120' 8-max Seat #3 is the button
Seat 1: dc157336 (10,085 in chips)
Seat 2: 785356d3 (9,730 in chips)
Seat 3: 62c82be1 (7,150 in chips)
Seat 4: 8ac64cca (15,312 in chips)
Seat 5: ce36698f (15,285 in chips)
Seat 6: dd11c6bb (5,775 in chips)
Seat 7: Hero (17,660 in chips)
Seat 8: ecafa66c (10,754 in chips)
ecafa66c: posts the ante 35
ce36698f: posts the ante 35
8ac64cca: posts the ante 35
Hero: posts the ante 35
62c82be1: posts the ante 35
785356d3: posts the ante 35
dc157336: posts the ante 35
dd11c6bb: posts the ante 35
8ac64cca: posts small blind 140
ce36698f: posts big blind 280
*** HOLE CARDS ***
Dealt to dc157336 
Dealt to 785356d3 
Dealt to 62c82be1 
Dealt to 8ac64cca 
Dealt to ce36698f 
Dealt to dd11c6bb 
Dealt to Hero [4c Kd]
Dealt to ecafa66c 
dd11c6bb: folds
Hero: folds
ecafa66c: calls 280
dc157336: folds
785356d3: folds
62c82be1: folds
8ac64cca: raises 1,456 to 1,736
ce36698f: folds
ecafa66c: calls 1,456
*** FLOP *** [As 3d Ks]
8ac64cca: bets 1,960
ecafa66c: folds
Uncalled bet (1,960) returned to 8ac64cca
*** SHOWDOWN ***
8ac64cca collected 4,032 from pot
*** SUMMARY ***
Total pot 4,032 | Rake 0 | Jackpot 0 | Bingo 0 | Fortune 0 | Tax 0
Board [As 3d Ks]
Seat 1: dc157336 folded before Flop
Seat 2: 785356d3 folded before Flop
Seat 3: 62c82be1 (button) folded before Flop
Seat 4: 8ac64cca (small blind) won (4,032)
Seat 5: ce36698f (big blind) folded before Flop
Seat 6: dd11c6bb folded before Flop
Seat 7: Hero folded before Flop
Seat 8: ecafa66c folded on the Flop


Poker Hand #TM5370497290: Tournament #250297015, Daily Turbo $1 Hold'em No Limit - Level6(140/280) - 2025/12/24 01:41:03
Table '120' 8-max Seat #2 is the button
Seat 1: dc157336 (10,120 in chips)
Seat 2: 785356d3 (9,765 in chips)
Seat 3: 62c82be1 (9,565 in chips)
Seat 4: 8ac64cca (15,627 in chips)
Seat 5: ce36698f (10,000 in chips)
Seat 6: dd11c6bb (8,190 in chips)
Seat 7: Hero (17,695 in chips)
Seat 8: ecafa66c (10,789 in chips)
ecafa66c: posts the ante 35
ce36698f: posts the ante 35
8ac64cca: posts the ante 35
Hero: posts the ante 35
62c82be1: posts the ante 35
785356d3: posts the ante 35
dc157336: posts the ante 35
dd11c6bb: posts the ante 35
62c82be1: posts small blind 140
8ac64cca: posts big blind 280
*** HOLE CARDS ***
Dealt to dc157336 
Dealt to 785356d3 
Dealt to 62c82be1 
Dealt to 8ac64cca 
Dealt to ce36698f 
Dealt to dd11c6bb 
Dealt to Hero [8h 7c]
Dealt to ecafa66c 
ce36698f: raises 560 to 840
dd11c6bb: calls 840
Hero: folds
ecafa66c: folds
dc157336: folds
785356d3: folds
62c82be1: calls 700
8ac64cca: folds
*** FLOP *** [4s 3h 8d]
62c82be1: bets 1,540
ce36698f: calls 1,540
dd11c6bb: calls 1,540
*** TURN *** [4s 3h 8d] [Td]
62c82be1: checks
ce36698f: bets 3,850
dd11c6bb: folds
62c82be1: folds
Uncalled bet (3,850) returned to ce36698f
*** SHOWDOWN ***
ce36698f collected 7,700 from pot
*** SUMMARY ***
Total pot 7,700 | Rake 0 | Jackpot 0 | Bingo 0 | Fortune 0 | Tax 0
Board [4s 3h 8d Td]
Seat 1: dc157336 folded before Flop
Seat 2: 785356d3 (button) folded before Flop
Seat 3: 62c82be1 (small blind) folded on the Turn
Seat 4: 8ac64cca (big blind) folded before Flop
Seat 5: ce36698f won (7,700)
Seat 6: dd11c6bb folded on the Turn
Seat 7: Hero folded before Flop
Seat 8: ecafa66c folded before Flop


Poker Hand #TM5370497266: Tournament #250297015, Daily Turbo $1 Hold'em No Limit - Level6(140/280) - 2025/12/24 01:40:20
Table '120' 8-max Seat #1 is the button
Seat 1: dc157336 (9,490 in chips)
Seat 2: 785356d3 (9,940 in chips)
Seat 3: 62c82be1 (9,880 in chips)
Seat 4: 8ac64cca (15,662 in chips)
Seat 6: dd11c6bb (8,225 in chips)
Seat 7: Hero (17,730 in chips)
Seat 8: ecafa66c (10,824 in chips)
ecafa66c: posts the ante 35
8ac64cca: posts the ante 35
Hero: posts the ante 35
62c82be1: posts the ante 35
dc157336: posts the ante 35
785356d3: posts the ante 35
dd11c6bb: posts the ante 35
785356d3: posts small blind 140
62c82be1: posts big blind 280
*** HOLE CARDS ***
Dealt to dc157336 
Dealt to 785356d3 
Dealt to 62c82be1 
Dealt to 8ac64cca 
Dealt to dd11c6bb 
Dealt to Hero [8s Td]
Dealt to ecafa66c 
8ac64cca: folds
dd11c6bb: folds
Hero: folds
ecafa66c: folds
dc157336: raises 280 to 560
785356d3: folds
62c82be1: folds
Uncalled bet (280) returned to dc157336
*** SHOWDOWN ***
dc157336 collected 945 from pot
*** SUMMARY ***
Total pot 945 | Rake 0 | Jackpot 0 | Bingo 0 | Fortune 0 | Tax 0
Seat 1: dc157336 (button) collected (945)
Seat 2: 785356d3 (small blind) folded before Flop
Seat 3: 62c82be1 (big blind) folded before Flop
Seat 4: 8ac64cca folded before Flop
Seat 6: dd11c6bb folded before Flop
Seat 7: Hero folded before Flop
Seat 8: ecafa66c folded before Flop


Poker Hand #TM5370497218: Tournament #250297015, Daily Turbo $1 Hold'em No Limit - Level5(120/240) - 2025/12/24 01:39:04
Table '120' 8-max Seat #8 is the button
Seat 1: dc157336 (9,640 in chips)
Seat 2: 785356d3 (10,210 in chips)
Seat 3: 62c82be1 (9,910 in chips)
Seat 4: 8ac64cca (10,369 in chips)
Seat 5: a3a7edc2 (4,753 in chips)
Seat 6: dd11c6bb (8,255 in chips)
Seat 7: Hero (17,760 in chips)
Seat 8: ecafa66c (10,854 in chips)
ecafa66c: posts the ante 30
a3a7edc2: posts the ante 30
8ac64cca: posts the ante 30
Hero: posts the ante 30
62c82be1: posts the ante 30
785356d3: posts the ante 30
dc157336: posts the ante 30
dd11c6bb: posts the ante 30
dc157336: posts small blind 120
785356d3: posts big blind 240
*** HOLE CARDS ***
Dealt to dc157336 
Dealt to 785356d3 
Dealt to 62c82be1 
Dealt to 8ac64cca 
Dealt to a3a7edc2 
Dealt to dd11c6bb 
Dealt to Hero [As 8h]
Dealt to ecafa66c 
62c82be1: folds
8ac64cca: raises 240 to 480
a3a7edc2: raises 4,243 to 4,723 and is all-in
dd11c6bb: folds
Hero: folds
ecafa66c: folds
dc157336: folds
785356d3: folds
8ac64cca: calls 4,243
a3a7edc2: shows [4c 4h]
8ac64cca: shows [Kh Ks]
*** FLOP *** [6h 7s 5h]
*** TURN *** [6h 7s 5h] [6c]
*** RIVER *** [6h 7s 5h 6c] [Ad]
*** SHOWDOWN ***
8ac64cca collected 10,046 from pot
*** SUMMARY ***
Total pot 10,046 | Rake 0 | Jackpot 0 | Bingo 0 | Fortune 0 | Tax 0
Board [6h 7s 5h 6c Ad]
Seat 1: dc157336 (small blind) folded before Flop
Seat 2: 785356d3 (big blind) folded before Flop
Seat 3: 62c82be1 folded before Flop
Seat 4: 8ac64cca showed [Kh Ks] and won (10,046) with two pair, Kings and Sixes
Seat 5: a3a7edc2 showed [4c 4h] and lost with two pair, Sixes and Fours
Seat 6: dd11c6bb folded before Flop
Seat 7: Hero folded before Flop
Seat 8: ecafa66c (button) folded before Flop


Poker Hand #TM5370497185: Tournament #250297015, Daily Turbo $1 Hold'em No Limit - Level5(120/240) - 2025/12/24 01:38:11
Table '120' 8-max Seat #7 is the button
Seat 1: dc157336 (9,910 in chips)
Seat 2: 785356d3 (10,240 in chips)
Seat 3: 62c82be1 (9,940 in chips)
Seat 4: 8ac64cca (10,399 in chips)
Seat 5: a3a7edc2 (9,970 in chips)
Seat 6: dd11c6bb (8,285 in chips)
Seat 7: Hero (17,790 in chips)
Seat 8: ecafa66c (5,217 in chips)
ecafa66c: posts the ante 30
a3a7edc2: posts the ante 30
8ac64cca: posts the ante 30
Hero: posts the ante 30
62c82be1: posts the ante 30
785356d3: posts the ante 30
dc157336: posts the ante 30
dd11c6bb: posts the ante 30
ecafa66c: posts small blind 120
dc157336: posts big blind 240
*** HOLE CARDS ***
Dealt to dc157336 
Dealt to 785356d3 
Dealt to 62c82be1 
Dealt to 8ac64cca 
Dealt to a3a7edc2 
Dealt to dd11c6bb 
Dealt to Hero [3d Td]
Dealt to ecafa66c 
785356d3: folds
62c82be1: folds
8ac64cca: folds
a3a7edc2: raises 9,700 to 9,940 and is all-in
dd11c6bb: folds
Hero: folds
ecafa66c: calls 5,067 and is all-in
dc157336: folds
Uncalled bet (4,753) returned to a3a7edc2
a3a7edc2: shows [9d As]
ecafa66c: shows [5s 5d]
*** FLOP *** [4c 8h Kd]
*** TURN *** [4c 8h Kd] [2d]
*** RIVER *** [4c 8h Kd 2d] [3h]
*** SHOWDOWN ***
ecafa66c collected 10,854 from pot
*** SUMMARY ***
Total pot 10,854 | Rake 0 | Jackpot 0 | Bingo 0 | Fortune 0 | Tax 0
Board [4c 8h Kd 2d 3h]
Seat 1: dc157336 (big blind) folded before Flop
Seat 2: 785356d3 folded before Flop
Seat 3: 62c82be1 folded before Flop
Seat 4: 8ac64cca folded before Flop
Seat 5: a3a7edc2 showed [9d As] and lost with Ace high
Seat 6: dd11c6bb folded before Flop
Seat 7: Hero (button) folded before Flop
Seat 8: ecafa66c (small blind) showed [5s 5d] and won (10,854) with a pair of Fives


Poker Hand #TM5370497155: Tournament #250297015, Daily Turbo $1 Hold'em No Limit - Level5(120/240) - 2025/12/24 01:37:09
Table '120' 8-max Seat #6 is the button
Seat 1: dc157336 (9,940 in chips)
Seat 2: 785356d3 (10,270 in chips)
Seat 3: 62c82be1 (9,970 in chips)
Seat 4: 8ac64cca (9,589 in chips)
Seat 5: a3a7edc2 (10,000 in chips)
Seat 6: dd11c6bb (8,315 in chips)
Seat 7: Hero (17,940 in chips)
Seat 8: ecafa66c (5,727 in chips)
ecafa66c: posts the ante 30
a3a7edc2: posts the ante 30
8ac64cca: posts the ante 30
Hero: posts the ante 30
62c82be1: posts the ante 30
785356d3: posts the ante 30
dc157336: posts the ante 30
dd11c6bb: posts the ante 30
Hero: posts small blind 120
ecafa66c: posts big blind 240
*** HOLE CARDS ***
Dealt to dc157336 
Dealt to 785356d3 
Dealt to 62c82be1 
Dealt to 8ac64cca 
Dealt to a3a7edc2 
Dealt to dd11c6bb 
Dealt to Hero [Qs Th]
Dealt to ecafa66c 
dc157336: folds
785356d3: folds
62c82be1: folds
8ac64cca: raises 240 to 480
a3a7edc2: folds
dd11c6bb: folds
Hero: folds
ecafa66c: calls 240
*** FLOP *** [3c Ad 6h]
ecafa66c: checks
8ac64cca: bets 264
ecafa66c: folds
Uncalled bet (264) returned to 8ac64cca
*** SHOWDOWN ***
8ac64cca collected 1,320 from pot
*** SUMMARY ***
Total pot 1,320 | Rake 0 | Jackpot 0 | Bingo 0 | Fortune 0 | Tax 0
Board [3c Ad 6h]
Seat 1: dc157336 folded before Flop
Seat 2: 785356d3 folded before Flop
Seat 3: 62c82be1 folded before Flop
Seat 4: 8ac64cca won (1,320)
Seat 5: a3a7edc2 folded before Flop
Seat 6: dd11c6bb (button) folded before Flop
Seat 7: Hero (small blind) folded before Flop
Seat 8: ecafa66c (big blind) folded on the Flop


Poker Hand #TM5370497130: Tournament #250297015, Daily Turbo $1 Hold'em No Limit - Level5(120/240) - 2025/12/24 01:36:31
Table '120' 8-max Seat #4 is the button
Seat 1: dc157336 (9,970 in chips)
Seat 2: 785356d3 (10,300 in chips)
Seat 3: 62c82be1 (10,000 in chips)
Seat 4: 8ac64cca (9,619 in chips)
Seat 6: dd11c6bb (8,465 in chips)
Seat 7: Hero (18,210 in chips)
Seat 8: ecafa66c (5,187 in chips)
ecafa66c: posts the ante 30
8ac64cca: posts the ante 30
Hero: posts the ante 30
62c82be1: posts the ante 30
785356d3: posts the ante 30
dc157336: posts the ante 30
dd11c6bb: posts the ante 30
dd11c6bb: posts small blind 120
Hero: posts big blind 240
*** HOLE CARDS ***
Dealt to dc157336 
Dealt to 785356d3 
Dealt to 62c82be1 
Dealt to 8ac64cca 
Dealt to dd11c6bb 
Dealt to Hero [4d 9h]
Dealt to ecafa66c 
ecafa66c: raises 4,917 to 5,157 and is all-in
dc157336: folds
785356d3: folds
62c82be1: folds
8ac64cca: folds
dd11c6bb: folds
Hero: folds
Uncalled bet (4,917) returned to ecafa66c
*** SHOWDOWN ***
ecafa66c collected 810 from pot
*** SUMMARY ***
Total pot 810 | Rake 0 | Jackpot 0 | Bingo 0 | Fortune 0 | Tax 0
Seat 1: dc157336 folded before Flop
Seat 2: 785356d3 folded before Flop
Seat 3: 62c82be1 folded before Flop
Seat 4: 8ac64cca (button) folded before Flop
Seat 6: dd11c6bb (small blind) folded before Flop
Seat 7: Hero (big blind) folded before Flop
Seat 8: ecafa66c collected (810)


Poker Hand #TM5370497111: Tournament #250297015, Daily Turbo $1 Hold'em No Limit - Level5(120/240) - 2025/12/24 01:36:03
Table '120' 8-max Seat #2 is the button
Seat 1: dc157336 (10,000 in chips)
Seat 2: 785356d3 (10,330 in chips)
Seat 4: 8ac64cca (9,769 in chips)
Seat 6: dd11c6bb (8,735 in chips)
Seat 7: Hero (18,240 in chips)
Seat 8: ecafa66c (4,677 in chips)
ecafa66c: posts the ante 30
8ac64cca: posts the ante 30
Hero: posts the ante 30
785356d3: posts the ante 30
dc157336: posts the ante 30
dd11c6bb: posts the ante 30
8ac64cca: posts small blind 120
dd11c6bb: posts big blind 240
*** HOLE CARDS ***
Dealt to dc157336 
Dealt to 785356d3 
Dealt to 8ac64cca 
Dealt to dd11c6bb 
Dealt to Hero [Jd 5c]
Dealt to ecafa66c 
Hero: folds
ecafa66c: raises 240 to 480
dc157336: folds
785356d3: folds
8ac64cca: folds
dd11c6bb: folds
Uncalled bet (240) returned to ecafa66c
*** SHOWDOWN ***
ecafa66c collected 780 from pot
*** SUMMARY ***
Total pot 780 | Rake 0 | Jackpot 0 | Bingo 0 | Fortune 0 | Tax 0
Seat 1: dc157336 folded before Flop
Seat 2: 785356d3 (button) folded before Flop
Seat 4: 8ac64cca (small blind) folded before Flop
Seat 6: dd11c6bb (big blind) folded before Flop
Seat 7: Hero folded before Flop
Seat 8: ecafa66c collected (780)


Poker Hand #TM5370497067: Tournament #250297015, Daily Turbo $1 Hold'em No Limit - Level4(100/200) - 2025/12/24 01:34:50
Table '120' 8-max Seat #8 is the button
Seat 2: 785356d3 (10,455 in chips)
Seat 4: 8ac64cca (10,644 in chips)
Seat 5: e6156b3e (19,065 in chips)
Seat 6: dd11c6bb (8,760 in chips)
Seat 7: Hero (18,265 in chips)
Seat 8: ecafa66c (4,702 in chips)
ecafa66c: posts the ante 25
8ac64cca: posts the ante 25
Hero: posts the ante 25
e6156b3e: posts the ante 25
785356d3: posts the ante 25
dd11c6bb: posts the ante 25
785356d3: posts small blind 100
8ac64cca: posts big blind 200
*** HOLE CARDS ***
Dealt to 785356d3 
Dealt to 8ac64cca 
Dealt to e6156b3e 
Dealt to dd11c6bb 
Dealt to Hero [9s Th]
Dealt to ecafa66c 
e6156b3e: calls 200
dd11c6bb: folds
Hero: folds
ecafa66c: folds
785356d3: folds
8ac64cca: checks
*** FLOP *** [8s 3h 5s]
8ac64cca: checks
e6156b3e: bets 650
8ac64cca: calls 650
*** TURN *** [8s 3h 5s] [Tc]
8ac64cca: checks
e6156b3e: bets 1,463
8ac64cca: folds
Uncalled bet (1,463) returned to e6156b3e
*** SHOWDOWN ***
e6156b3e collected 1,950 from pot
*** SUMMARY ***
Total pot 1,950 | Rake 0 | Jackpot 0 | Bingo 0 | Fortune 0 | Tax 0
Board [8s 3h 5s Tc]
Seat 2: 785356d3 (small blind) folded before Flop
Seat 4: 8ac64cca (big blind) folded on the Turn
Seat 5: e6156b3e won (1,950)
Seat 6: dd11c6bb folded before Flop
Seat 7: Hero folded before Flop
Seat 8: ecafa66c (button) folded before Flop


Poker Hand #TM5370497025: Tournament #250297015, Daily Turbo $1 Hold'em No Limit - Level4(100/200) - 2025/12/24 01:33:28
Table '120' 8-max Seat #7 is the button
Seat 2: 785356d3 (9,905 in chips)
Seat 3: 1a903df9 (8,047 in chips)
Seat 4: 8ac64cca (10,669 in chips)
Seat 5: e6156b3e (19,290 in chips)
Seat 6: dd11c6bb (8,785 in chips)
Seat 7: Hero (18,290 in chips)
Seat 8: ecafa66c (4,927 in chips)
1a903df9: posts the ante 25
ecafa66c: posts the ante 25
8ac64cca: posts the ante 25
Hero: posts the ante 25
e6156b3e: posts the ante 25
785356d3: posts the ante 25
dd11c6bb: posts the ante 25
ecafa66c: posts small blind 100
785356d3: posts big blind 200
*** HOLE CARDS ***
Dealt to 785356d3 
Dealt to 1a903df9 
Dealt to 8ac64cca 
Dealt to e6156b3e 
Dealt to dd11c6bb 
Dealt to Hero [6s Qs]
Dealt to ecafa66c 
1a903df9: folds
8ac64cca: folds
e6156b3e: calls 200
dd11c6bb: folds
Hero: folds
ecafa66c: calls 100
785356d3: checks
*** FLOP *** [2d 6c 6h]
ecafa66c: checks
785356d3: checks
e6156b3e: checks
*** TURN *** [2d 6c 6h] [Ad]
ecafa66c: checks
785356d3: checks
e6156b3e: checks
*** RIVER *** [2d 6c 6h Ad] [Ah]
ecafa66c: checks
785356d3: bets 720
e6156b3e: folds
ecafa66c: folds
Uncalled bet (720) returned to 785356d3
*** SHOWDOWN ***
785356d3 collected 775 from pot
*** SUMMARY ***
Total pot 775 | Rake 0 | Jackpot 0 | Bingo 0 | Fortune 0 | Tax 0
Board [2d 6c 6h Ad Ah]
Seat 2: 785356d3 (big blind) won (775)
Seat 3: 1a903df9 folded before Flop
Seat 4: 8ac64cca folded before Flop
Seat 5: e6156b3e folded on the River
Seat 6: dd11c6bb folded before Flop
Seat 7: Hero (button) folded before Flop
Seat 8: ecafa66c (small blind) folded on the River


Poker Hand #TM5370496977: Tournament #250297015, Daily Turbo $1 Hold'em No Limit - Level4(100/200) - 2025/12/24 01:32:17
Table '120' 8-max Seat #6 is the button
Seat 1: 890e10bd (2,705 in chips)
Seat 2: 785356d3 (9,930 in chips)
Seat 3: 1a903df9 (15,677 in chips)
Seat 4: 8ac64cca (10,694 in chips)
Seat 5: e6156b3e (19,315 in chips)
Seat 6: dd11c6bb (8,810 in chips)
Seat 7: Hero (7,630 in chips)
Seat 8: ecafa66c (5,152 in chips)
1a903df9: posts the ante 25
ecafa66c: posts the ante 25
8ac64cca: posts the ante 25
890e10bd: posts the ante 25
Hero: posts the ante 25
e6156b3e: posts the ante 25
785356d3: posts the ante 25
dd11c6bb: posts the ante 25
Hero: posts small blind 100
ecafa66c: posts big blind 200
*** HOLE CARDS ***
Dealt to 890e10bd 
Dealt to 785356d3 
Dealt to 1a903df9 
Dealt to 8ac64cca 
Dealt to e6156b3e 
Dealt to dd11c6bb 
Dealt to Hero [7d 7c]
Dealt to ecafa66c 
890e10bd: raises 2,480 to 2,680 and is all-in
785356d3: folds
1a903df9: calls 2,680
8ac64cca: folds
e6156b3e: folds
dd11c6bb: folds
Hero: raises 4,925 to 7,605 and is all-in
ecafa66c: folds
1a903df9: calls 4,925
Hero: shows [7d 7c]
890e10bd: shows [Td Jh]
1a903df9: shows [Ac 8c]
*** FLOP *** [4c Ks Qd]
*** TURN *** [4c Ks Qd] [3h]
*** RIVER *** [4c Ks Qd 3h] [Qs]
*** SHOWDOWN ***
Hero collected 8,440 from pot
Hero collected 9,850 from pot
*** SUMMARY ***
Total pot 18,290 | Rake 0 | Jackpot 0 | Bingo 0 | Fortune 0 | Tax 0
Board [4c Ks Qd 3h Qs]
Seat 1: 890e10bd showed [Td Jh] and lost with a pair of Queens
Seat 2: 785356d3 folded before Flop
Seat 3: 1a903df9 showed [Ac 8c] and lost with a pair of Queens
Seat 4: 8ac64cca folded before Flop
Seat 5: e6156b3e folded before Flop
Seat 6: dd11c6bb (button) folded before Flop
Seat 7: Hero (small blind) showed [7d 7c] and won (18,290) with two pair, Queens and Sevens
Seat 8: ecafa66c (big blind) folded before Flop


Poker Hand #TM5370496927: Tournament #250297015, Daily Turbo $1 Hold'em No Limit - Level4(100/200) - 2025/12/24 01:31:01
Table '120' 8-max Seat #5 is the button
Seat 1: 890e10bd (760 in chips)
Seat 2: 785356d3 (9,955 in chips)
Seat 3: 1a903df9 (15,702 in chips)
Seat 4: 8ac64cca (10,719 in chips)
Seat 5: e6156b3e (20,075 in chips)
Seat 6: dd11c6bb (8,935 in chips)
Seat 7: Hero (7,855 in chips)
Seat 8: ecafa66c (5,912 in chips)
1a903df9: posts the ante 25
ecafa66c: posts the ante 25
8ac64cca: posts the ante 25
890e10bd: posts the ante 25
Hero: posts the ante 25
e6156b3e: posts the ante 25
785356d3: posts the ante 25
dd11c6bb: posts the ante 25
dd11c6bb: posts small blind 100
Hero: posts big blind 200
*** HOLE CARDS ***
Dealt to 890e10bd 
Dealt to 785356d3 
Dealt to 1a903df9 
Dealt to 8ac64cca 
Dealt to e6156b3e 
Dealt to dd11c6bb 
Dealt to Hero [9d 3d]
Dealt to ecafa66c 
ecafa66c: calls 200
890e10bd: raises 535 to 735 and is all-in
785356d3: folds
1a903df9: folds
8ac64cca: folds
e6156b3e: calls 735
dd11c6bb: folds
Hero: folds
ecafa66c: calls 535
*** FLOP *** [Th Js 6d]
ecafa66c: checks
e6156b3e: bets 2,705
ecafa66c: folds
Uncalled bet (2,705) returned to e6156b3e
e6156b3e: shows [Kd Jh] (a pair of Jacks)
890e10bd: shows [Tc 5h] (a pair of Tens)
*** TURN *** [Th Js 6d] [Qc]
*** RIVER *** [Th Js 6d Qc] [5c]
*** SHOWDOWN ***
890e10bd collected 2,705 from pot
*** SUMMARY ***
Total pot 2,705 | Rake 0 | Jackpot 0 | Bingo 0 | Fortune 0 | Tax 0
Board [Th Js 6d Qc 5c]
Seat 1: 890e10bd showed [Tc 5h] and won (2,705) with two pair, Tens and Fives
Seat 2: 785356d3 folded before Flop
Seat 3: 1a903df9 folded before Flop
Seat 4: 8ac64cca folded before Flop
Seat 5: e6156b3e (button) showed [Kd Jh] and lost with a pair of Jacks
Seat 6: dd11c6bb (small blind) folded before Flop
Seat 7: Hero (big blind) folded before Flop
Seat 8: ecafa66c folded on the Flop


Poker Hand #TM5370496891: Tournament #250297015, Daily Turbo $1 Hold'em No Limit - Level4(100/200) - 2025/12/24 01:30:03
Table '120' 8-max Seat #4 is the button
Seat 1: 890e10bd (10,440 in chips)
Seat 2: 785356d3 (9,980 in chips)
Seat 3: 1a903df9 (9,680 in chips)
Seat 4: 8ac64cca (10,744 in chips)
Seat 5: e6156b3e (20,200 in chips)
Seat 6: dd11c6bb (9,160 in chips)
Seat 7: Hero (7,880 in chips)
Seat 8: ecafa66c (1,829 in chips)
1a903df9: posts the ante 25
ecafa66c: posts the ante 25
8ac64cca: posts the ante 25
890e10bd: posts the ante 25
Hero: posts the ante 25
785356d3: posts the ante 25
e6156b3e: posts the ante 25
dd11c6bb: posts the ante 25
e6156b3e: posts small blind 100
dd11c6bb: posts big blind 200
*** HOLE CARDS ***
Dealt to 890e10bd 
Dealt to 785356d3 
Dealt to 1a903df9 
Dealt to 8ac64cca 
Dealt to e6156b3e 
Dealt to dd11c6bb 
Dealt to Hero [6s Tc]
Dealt to ecafa66c 
Hero: folds
ecafa66c: raises 1,604 to 1,804 and is all-in
890e10bd: calls 1,804
785356d3: folds
1a903df9: raises 7,851 to 9,655 and is all-in
8ac64cca: folds
e6156b3e: folds
dd11c6bb: folds
890e10bd: calls 7,851
1a903df9: shows [Ac Ks]
ecafa66c: shows [As 2c]
890e10bd: shows [Ah Th]
*** FLOP *** [9c 6c 2h]
*** TURN *** [9c 6c 2h] [3h]
*** RIVER *** [9c 6c 2h 3h] [Qs]
*** SHOWDOWN ***
ecafa66c collected 5,912 from pot
1a903df9 collected 15,702 from pot
*** SUMMARY ***
Total pot 21,614 | Rake 0 | Jackpot 0 | Bingo 0 | Fortune 0 | Tax 0
Board [9c 6c 2h 3h Qs]
Seat 1: 890e10bd showed [Ah Th] and lost with Ace high
Seat 2: 785356d3 folded before Flop
Seat 3: 1a903df9 showed [Ac Ks] and won (15,702) with Ace high
Seat 4: 8ac64cca (button) folded before Flop
Seat 5: e6156b3e (small blind) folded before Flop
Seat 6: dd11c6bb (big blind) folded before Flop
Seat 7: Hero folded before Flop
Seat 8: ecafa66c showed [As 2c] and won (5,912) with a pair of Twos


Poker Hand #TM5370496847: Tournament #250297015, Daily Turbo $1 Hold'em No Limit - Level3(80/160) - 2025/12/24 01:28:52
Table '120' 8-max Seat #3 is the button
Seat 1: 890e10bd (10,460 in chips)
Seat 2: 785356d3 (10,000 in chips)
Seat 3: 1a903df9 (9,700 in chips)
Seat 4: 8ac64cca (10,844 in chips)
Seat 5: e6156b3e (10,000 in chips)
Seat 6: dd11c6bb (9,180 in chips)
Seat 7: Hero (7,900 in chips)
Seat 8: ecafa66c (11,829 in chips)
1a903df9: posts the ante 20
ecafa66c: posts the ante 20
890e10bd: posts the ante 20
8ac64cca: posts the ante 20
Hero: posts the ante 20
785356d3: posts the ante 20
e6156b3e: posts the ante 20
dd11c6bb: posts the ante 20
8ac64cca: posts small blind 80
e6156b3e: posts big blind 160
*** HOLE CARDS ***
Dealt to 890e10bd 
Dealt to 785356d3 
Dealt to 1a903df9 
Dealt to 8ac64cca 
Dealt to e6156b3e 
Dealt to dd11c6bb 
Dealt to Hero [Td 3h]
Dealt to ecafa66c 
dd11c6bb: folds
Hero: folds
ecafa66c: raises 480 to 640
890e10bd: folds
785356d3: folds
1a903df9: folds
8ac64cca: folds
e6156b3e: raises 480 to 1,120
ecafa66c: calls 480
*** FLOP *** [5d 9s 4d]
e6156b3e: bets 8,860 and is all-in
ecafa66c: calls 8,860
e6156b3e: shows [Kd Qd] (King high)
ecafa66c: shows [Jh Jc] (a pair of Jacks)
*** TURN *** [5d 9s 4d] [Ad]
*** RIVER *** [5d 9s 4d Ad] [8d]
*** SHOWDOWN ***
e6156b3e collected 20,200 from pot
*** SUMMARY ***
Total pot 20,200 | Rake 0 | Jackpot 0 | Bingo 0 | Fortune 0 | Tax 0
Board [5d 9s 4d Ad 8d]
Seat 1: 890e10bd folded before Flop
Seat 2: 785356d3 folded before Flop
Seat 3: 1a903df9 (button) folded before Flop
Seat 4: 8ac64cca (small blind) folded before Flop
Seat 5: e6156b3e (big blind) showed [Kd Qd] and won (20,200) with a flush Ace high
Seat 6: dd11c6bb folded before Flop
Seat 7: Hero folded before Flop
Seat 8: ecafa66c showed [Jh Jc] and lost with a pair of Jacks


Poker Hand #TM5370496813: Tournament #250297015, Daily Turbo $1 Hold'em No Limit - Level3(80/160) - 2025/12/24 01:28:07
Table '120' 8-max Seat #1 is the button
Seat 1: 890e10bd (9,240 in chips)
Seat 3: 1a903df9 (9,800 in chips)
Seat 4: 8ac64cca (11,024 in chips)
Seat 5: d12c93a4 (25,725 in chips)
Seat 6: dd11c6bb (9,200 in chips)
Seat 7: Hero (7,920 in chips)
Seat 8: ecafa66c (12,709 in chips)
1a903df9: posts the ante 20
ecafa66c: posts the ante 20
890e10bd: posts the ante 20
8ac64cca: posts the ante 20
Hero: posts the ante 20
dd11c6bb: posts the ante 20
d12c93a4: posts the ante 20
1a903df9: posts small blind 80
8ac64cca: posts big blind 160
*** HOLE CARDS ***
Dealt to 890e10bd 
Dealt to 1a903df9 
Dealt to 8ac64cca 
Dealt to d12c93a4 
Dealt to dd11c6bb 
Dealt to Hero [Kh 3s]
Dealt to ecafa66c 
d12c93a4: folds
dd11c6bb: folds
Hero: folds
ecafa66c: calls 160
890e10bd: raises 700 to 860
1a903df9: folds
8ac64cca: folds
ecafa66c: calls 700
*** FLOP *** [Kc 5c Td]
ecafa66c: checks
890e10bd: bets 1,050
ecafa66c: folds
Uncalled bet (1,050) returned to 890e10bd
*** SHOWDOWN ***
890e10bd collected 2,100 from pot
*** SUMMARY ***
Total pot 2,100 | Rake 0 | Jackpot 0 | Bingo 0 | Fortune 0 | Tax 0
Board [Kc 5c Td]
Seat 1: 890e10bd (button) won (2,100)
Seat 3: 1a903df9 (small blind) folded before Flop
Seat 4: 8ac64cca (big blind) folded before Flop
Seat 5: d12c93a4 folded before Flop
Seat 6: dd11c6bb folded before Flop
Seat 7: Hero folded before Flop
Seat 8: ecafa66c folded on the Flop


Poker Hand #TM5370496789: Tournament #250297015, Daily Turbo $1 Hold'em No Limit - Level3(80/160) - 2025/12/24 01:27:28
Table '120' 8-max Seat #8 is the button
Seat 1: 890e10bd (9,340 in chips)
Seat 3: 1a903df9 (9,980 in chips)
Seat 4: 8ac64cca (10,312 in chips)
Seat 5: d12c93a4 (25,745 in chips)
Seat 6: dd11c6bb (9,220 in chips)
Seat 7: Hero (8,292 in chips)
Seat 8: ecafa66c (12,729 in chips)
1a903df9: posts the ante 20
ecafa66c: posts the ante 20
8ac64cca: posts the ante 20
890e10bd: posts the ante 20
Hero: posts the ante 20
dd11c6bb: posts the ante 20
d12c93a4: posts the ante 20
890e10bd: posts small blind 80
1a903df9: posts big blind 160
*** HOLE CARDS ***
Dealt to 890e10bd 
Dealt to 1a903df9 
Dealt to 8ac64cca 
Dealt to d12c93a4 
Dealt to dd11c6bb 
Dealt to Hero [Ah Tc]
Dealt to ecafa66c 
8ac64cca: raises 192 to 352
d12c93a4: folds
dd11c6bb: folds
Hero: calls 352
ecafa66c: folds
890e10bd: folds
1a903df9: folds
*** FLOP *** [7d 9s 7s]
8ac64cca: bets 813
Hero: folds
Uncalled bet (813) returned to 8ac64cca
*** SHOWDOWN ***
8ac64cca collected 1,084 from pot
*** SUMMARY ***
Total pot 1,084 | Rake 0 | Jackpot 0 | Bingo 0 | Fortune 0 | Tax 0
Board [7d 9s 7s]
Seat 1: 890e10bd (small blind) folded before Flop
Seat 3: 1a903df9 (big blind) folded before Flop
Seat 4: 8ac64cca won (1,084)
Seat 5: d12c93a4 folded before Flop
Seat 6: dd11c6bb folded before Flop
Seat 7: Hero folded on the Flop
Seat 8: ecafa66c (button) folded before Flop


Poker Hand #TM5370496758: Tournament #250297015, Daily Turbo $1 Hold'em No Limit - Level3(80/160) - 2025/12/24 01:26:52
Table '120' 8-max Seat #7 is the button
Seat 1: 890e10bd (10,000 in chips)
Seat 2: 2fcb9b62 (11,404 in chips)
Seat 3: 1a903df9 (10,000 in chips)
Seat 4: 8ac64cca (10,332 in chips)
Seat 5: d12c93a4 (25,765 in chips)
Seat 6: dd11c6bb (9,240 in chips)
Seat 7: Hero (8,312 in chips)
Seat 8: ecafa66c (11,949 in chips)
1a903df9: posts the ante 20
ecafa66c: posts the ante 20
8ac64cca: posts the ante 20
2fcb9b62: posts the ante 20
890e10bd: posts the ante 20
Hero: posts the ante 20
dd11c6bb: posts the ante 20
d12c93a4: posts the ante 20
ecafa66c: posts small blind 80
890e10bd: posts big blind 160
*** HOLE CARDS ***
Dealt to 890e10bd 
Dealt to 2fcb9b62 
Dealt to 1a903df9 
Dealt to 8ac64cca 
Dealt to d12c93a4 
Dealt to dd11c6bb 
Dealt to Hero [Kh 9c]
Dealt to ecafa66c 
2fcb9b62: folds
1a903df9: folds
8ac64cca: folds
d12c93a4: folds
dd11c6bb: folds
Hero: folds
ecafa66c: raises 480 to 640
890e10bd: calls 480
*** FLOP *** [Th Ac 6d]
ecafa66c: bets 1,440
890e10bd: folds
Uncalled bet (1,440) returned to ecafa66c
*** SHOWDOWN ***
ecafa66c collected 1,440 from pot
*** SUMMARY ***
Total pot 1,440 | Rake 0 | Jackpot 0 | Bingo 0 | Fortune 0 | Tax 0
Board [Th Ac 6d]
Seat 1: 890e10bd (big blind) folded on the Flop
Seat 2: 2fcb9b62 folded before Flop
Seat 3: 1a903df9 folded before Flop
Seat 4: 8ac64cca folded before Flop
Seat 5: d12c93a4 folded before Flop
Seat 6: dd11c6bb folded before Flop
Seat 7: Hero (button) folded before Flop
Seat 8: ecafa66c (small blind) won (1,440)


Poker Hand #TM5370496731: Tournament #250297015, Daily Turbo $1 Hold'em No Limit - Level3(80/160) - 2025/12/24 01:26:15
Table '120' 8-max Seat #2 is the button
Seat 2: 2fcb9b62 (10,884 in chips)
Seat 7: Hero (8,652 in chips)
Seat 8: ecafa66c (12,129 in chips)
ecafa66c: posts the ante 20
2fcb9b62: posts the ante 20
Hero: posts the ante 20
Hero: posts small blind 80
ecafa66c: posts big blind 160
*** HOLE CARDS ***
Dealt to 2fcb9b62 
Dealt to Hero [Ac 8c]
Dealt to ecafa66c 
2fcb9b62: raises 160 to 320
Hero: calls 240
ecafa66c: folds
*** FLOP *** [7d 2s Qd]
Hero: checks
2fcb9b62: bets 430
Hero: folds
Uncalled bet (430) returned to 2fcb9b62
*** SHOWDOWN ***
2fcb9b62 collected 860 from pot
*** SUMMARY ***
Total pot 860 | Rake 0 | Jackpot 0 | Bingo 0 | Fortune 0 | Tax 0
Board [7d 2s Qd]
Seat 2: 2fcb9b62 (button) won (860)
Seat 7: Hero (small blind) folded on the Flop
Seat 8: ecafa66c (big blind) folded before Flop


Poker Hand #TM5370496696: Tournament #250297015, Daily Turbo $1 Hold'em No Limit - Level3(80/160) - 2025/12/24 01:25:19
Table '120' 8-max Seat #1 is the button
Seat 1: 58ccabf4 (10,000 in chips)
Seat 2: 2fcb9b62 (10,000 in chips)
Seat 7: Hero (9,496 in chips)
Seat 8: ecafa66c (12,149 in chips)
ecafa66c: posts the ante 20
2fcb9b62: posts the ante 20
Hero: posts the ante 20
58ccabf4: posts the ante 20
2fcb9b62: posts small blind 80
Hero: posts big blind 160
*** HOLE CARDS ***
Dealt to 58ccabf4 
Dealt to 2fcb9b62 
Dealt to Hero [Jc Qc]
Dealt to ecafa66c 
ecafa66c: folds
58ccabf4: folds
2fcb9b62: raises 320 to 480
Hero: calls 320
*** FLOP *** [2h Qd Ac]
2fcb9b62: bets 344
Hero: calls 344
*** TURN *** [2h Qd Ac] [2d]
2fcb9b62: bets 864
Hero: folds
Uncalled bet (864) returned to 2fcb9b62
*** SHOWDOWN ***
2fcb9b62 collected 1,728 from pot
*** SUMMARY ***
Total pot 1,728 | Rake 0 | Jackpot 0 | Bingo 0 | Fortune 0 | Tax 0
Board [2h Qd Ac 2d]
Seat 1: 58ccabf4 (button) folded before Flop
Seat 2: 2fcb9b62 (small blind) won (1,728)
Seat 7: Hero (big blind) folded on the Turn
Seat 8: ecafa66c folded before Flop


Poker Hand #TM5371641984: Tournament #250297015, Daily Turbo $1 Hold'em No Limit - Level2(60/120) - 2025/12/24 01:24:20
Table '73' 8-max Seat #1 is the button
Seat 1: e19c0a6c (9,317 in chips)
Seat 3: fe9edc7a (9,571 in chips)
Seat 4: 5ee980c6 (8,260 in chips)
Seat 5: 6a1268b9 (4,069 in chips)
Seat 6: d1a05eae (9,041 in chips)
Seat 7: Hero (9,511 in chips)
Seat 8: 9926f129 (14,423 in chips)
d1a05eae: posts the ante 15
6a1268b9: posts the ante 15
Hero: posts the ante 15
9926f129: posts the ante 15
5ee980c6: posts the ante 15
e19c0a6c: posts the ante 15
fe9edc7a: posts the ante 15
fe9edc7a: posts small blind 60
5ee980c6: posts big blind 120
*** HOLE CARDS ***
Dealt to e19c0a6c 
Dealt to fe9edc7a 
Dealt to 5ee980c6 
Dealt to 6a1268b9 
Dealt to d1a05eae 
Dealt to Hero [2s Jh]
Dealt to 9926f129 
6a1268b9: folds
d1a05eae: folds
Hero: folds
9926f129: raises 156 to 276
e19c0a6c: raises 528 to 804
fe9edc7a: folds
5ee980c6: folds
9926f129: calls 528
*** FLOP *** [8d 4c Th]
9926f129: checks
e19c0a6c: bets 852
9926f129: raises 1,188 to 2,040
e19c0a6c: raises 6,458 to 8,498 and is all-in
9926f129: calls 6,458
e19c0a6c: shows [Ts Kd] (a pair of Tens)
9926f129: shows [7s 6s] (Ten high)
*** TURN *** [8d 4c Th] [Js]
*** RIVER *** [8d 4c Th Js] [Jd]
*** SHOWDOWN ***
e19c0a6c collected 18,889 from pot
*** SUMMARY ***
Total pot 18,889 | Rake 0 | Jackpot 0 | Bingo 0 | Fortune 0 | Tax 0
Board [8d 4c Th Js Jd]
Seat 1: e19c0a6c (button) showed [Ts Kd] and won (18,889) with two pair, Jacks and Tens
Seat 3: fe9edc7a (small blind) folded before Flop
Seat 4: 5ee980c6 (big blind) folded before Flop
Seat 5: 6a1268b9 folded before Flop
Seat 6: d1a05eae folded before Flop
Seat 7: Hero folded before Flop
Seat 8: 9926f129 showed [7s 6s] and lost with a pair of Jacks


Poker Hand #TM5371641969: Tournament #250297015, Daily Turbo $1 Hold'em No Limit - Level2(60/120) - 2025/12/24 01:24:01
Table '73' 8-max Seat #8 is the button
Seat 1: e19c0a6c (9,392 in chips)
Seat 3: fe9edc7a (9,706 in chips)
Seat 4: 5ee980c6 (8,275 in chips)
Seat 5: 6a1268b9 (4,084 in chips)
Seat 6: d1a05eae (9,056 in chips)
Seat 7: Hero (9,526 in chips)
Seat 8: 9926f129 (14,153 in chips)
d1a05eae: posts the ante 15
6a1268b9: posts the ante 15
Hero: posts the ante 15
9926f129: posts the ante 15
5ee980c6: posts the ante 15
fe9edc7a: posts the ante 15
e19c0a6c: posts the ante 15
e19c0a6c: posts small blind 60
fe9edc7a: posts big blind 120
*** HOLE CARDS ***
Dealt to e19c0a6c 
Dealt to fe9edc7a 
Dealt to 5ee980c6 
Dealt to 6a1268b9 
Dealt to d1a05eae 
Dealt to Hero [Jc 4c]
Dealt to 9926f129 
5ee980c6: folds
6a1268b9: folds
d1a05eae: folds
Hero: folds
9926f129: raises 156 to 276
e19c0a6c: folds
fe9edc7a: folds
Uncalled bet (156) returned to 9926f129
*** SHOWDOWN ***
9926f129 collected 405 from pot
*** SUMMARY ***
Total pot 405 | Rake 0 | Jackpot 0 | Bingo 0 | Fortune 0 | Tax 0
Seat 1: e19c0a6c (small blind) folded before Flop
Seat 3: fe9edc7a (big blind) folded before Flop
Seat 4: 5ee980c6 folded before Flop
Seat 5: 6a1268b9 folded before Flop
Seat 6: d1a05eae folded before Flop
Seat 7: Hero folded before Flop
Seat 8: 9926f129 (button) collected (405)


Poker Hand #TM5371641923: Tournament #250297015, Daily Turbo $1 Hold'em No Limit - Level2(60/120) - 2025/12/24 01:23:13
Table '73' 8-max Seat #7 is the button
Seat 1: e19c0a6c (9,527 in chips)
Seat 2: f83c0b38 (45,823 in chips)
Seat 3: fe9edc7a (9,721 in chips)
Seat 4: 5ee980c6 (9,970 in chips)
Seat 5: 6a1268b9 (4,099 in chips)
Seat 6: d1a05eae (9,071 in chips)
Seat 7: Hero (9,541 in chips)
Seat 8: 9926f129 (12,248 in chips)
d1a05eae: posts the ante 15
6a1268b9: posts the ante 15
Hero: posts the ante 15
f83c0b38: posts the ante 15
9926f129: posts the ante 15
5ee980c6: posts the ante 15
fe9edc7a: posts the ante 15
e19c0a6c: posts the ante 15
9926f129: posts small blind 60
e19c0a6c: posts big blind 120
*** HOLE CARDS ***
Dealt to e19c0a6c 
Dealt to f83c0b38 
Dealt to fe9edc7a 
Dealt to 5ee980c6 
Dealt to 6a1268b9 
Dealt to d1a05eae 
Dealt to Hero [Ac 2d]
Dealt to 9926f129 
f83c0b38: folds
fe9edc7a: folds
5ee980c6: raises 120 to 240
6a1268b9: folds
d1a05eae: folds
Hero: folds
9926f129: raises 540 to 780
e19c0a6c: folds
5ee980c6: calls 540
*** FLOP *** [7h 7c 5c]
9926f129: checks
5ee980c6: checks
*** TURN *** [7h 7c 5c] [Qh]
9926f129: bets 900
5ee980c6: calls 900
*** RIVER *** [7h 7c 5c Qh] [2c]
9926f129: bets 3,600
5ee980c6: folds
Uncalled bet (3,600) returned to 9926f129
*** SHOWDOWN ***
9926f129 collected 3,600 from pot
*** SUMMARY ***
Total pot 3,600 | Rake 0 | Jackpot 0 | Bingo 0 | Fortune 0 | Tax 0
Board [7h 7c 5c Qh 2c]
Seat 1: e19c0a6c (big blind) folded before Flop
Seat 2: f83c0b38 folded before Flop
Seat 3: fe9edc7a folded before Flop
Seat 4: 5ee980c6 folded on the River
Seat 5: 6a1268b9 folded before Flop
Seat 6: d1a05eae folded before Flop
Seat 7: Hero (button) folded before Flop
Seat 8: 9926f129 (small blind) won (3,600)


Poker Hand #TM5371641858: Tournament #250297015, Daily Turbo $1 Hold'em No Limit - Level2(60/120) - 2025/12/24 01:21:59
Table '73' 8-max Seat #6 is the button
Seat 1: e19c0a6c (9,782 in chips)
Seat 2: f83c0b38 (45,838 in chips)
Seat 3: fe9edc7a (9,736 in chips)
Seat 4: 5ee980c6 (9,985 in chips)
Seat 5: 6a1268b9 (4,354 in chips)
Seat 6: d1a05eae (9,326 in chips)
Seat 7: Hero (9,616 in chips)
Seat 8: 9926f129 (11,363 in chips)
d1a05eae: posts the ante 15
6a1268b9: posts the ante 15
Hero: posts the ante 15
f83c0b38: posts the ante 15
9926f129: posts the ante 15
5ee980c6: posts the ante 15
fe9edc7a: posts the ante 15
e19c0a6c: posts the ante 15
Hero: posts small blind 60
9926f129: posts big blind 120
*** HOLE CARDS ***
Dealt to e19c0a6c 
Dealt to f83c0b38 
Dealt to fe9edc7a 
Dealt to 5ee980c6 
Dealt to 6a1268b9 
Dealt to d1a05eae 
Dealt to Hero [5d 3s]
Dealt to 9926f129 
e19c0a6c: raises 120 to 240
f83c0b38: folds
fe9edc7a: folds
5ee980c6: folds
6a1268b9: calls 240
d1a05eae: calls 240
Hero: folds
9926f129: calls 120
*** FLOP *** [4c Kh 6d]
9926f129: bets 1,140
e19c0a6c: folds
6a1268b9: folds
d1a05eae: folds
Uncalled bet (1,140) returned to 9926f129
*** SHOWDOWN ***
9926f129 collected 1,140 from pot
*** SUMMARY ***
Total pot 1,140 | Rake 0 | Jackpot 0 | Bingo 0 | Fortune 0 | Tax 0
Board [4c Kh 6d]
Seat 1: e19c0a6c folded on the Flop
Seat 2: f83c0b38 folded before Flop
Seat 3: fe9edc7a folded before Flop
Seat 4: 5ee980c6 folded before Flop
Seat 5: 6a1268b9 folded on the Flop
Seat 6: d1a05eae (button) folded on the Flop
Seat 7: Hero (small blind) folded before Flop
Seat 8: 9926f129 (big blind) won (1,140)


Poker Hand #TM5371641807: Tournament #250297015, Daily Turbo $1 Hold'em No Limit - Level2(60/120) - 2025/12/24 01:20:59
Table '73' 8-max Seat #5 is the button
Seat 1: e19c0a6c (9,797 in chips)
Seat 2: f83c0b38 (45,853 in chips)
Seat 3: fe9edc7a (9,751 in chips)
Seat 4: 5ee980c6 (10,000 in chips)
Seat 5: 6a1268b9 (4,369 in chips)
Seat 6: d1a05eae (9,617 in chips)
Seat 7: Hero (9,751 in chips)
Seat 8: 9926f129 (10,862 in chips)
d1a05eae: posts the ante 15
6a1268b9: posts the ante 15
Hero: posts the ante 15
f83c0b38: posts the ante 15
9926f129: posts the ante 15
5ee980c6: posts the ante 15
fe9edc7a: posts the ante 15
e19c0a6c: posts the ante 15
d1a05eae: posts small blind 60
Hero: posts big blind 120
*** HOLE CARDS ***
Dealt to e19c0a6c 
Dealt to f83c0b38 
Dealt to fe9edc7a 
Dealt to 5ee980c6 
Dealt to 6a1268b9 
Dealt to d1a05eae 
Dealt to Hero [Tc 2s]
Dealt to 9926f129 
9926f129: raises 156 to 276
e19c0a6c: folds
f83c0b38: folds
fe9edc7a: folds
5ee980c6: folds
6a1268b9: folds
d1a05eae: calls 216
Hero: folds
*** FLOP *** [3c Td 9c]
d1a05eae: checks
9926f129: bets 396
d1a05eae: folds
Uncalled bet (396) returned to 9926f129
*** SHOWDOWN ***
9926f129 collected 792 from pot
*** SUMMARY ***
Total pot 792 | Rake 0 | Jackpot 0 | Bingo 0 | Fortune 0 | Tax 0
Board [3c Td 9c]
Seat 1: e19c0a6c folded before Flop
Seat 2: f83c0b38 folded before Flop
Seat 3: fe9edc7a folded before Flop
Seat 4: 5ee980c6 folded before Flop
Seat 5: 6a1268b9 (button) folded before Flop
Seat 6: d1a05eae (small blind) folded on the Flop
Seat 7: Hero (big blind) folded before Flop
Seat 8: 9926f129 won (792)


Poker Hand #TM5371641787: Tournament #250297015, Daily Turbo $1 Hold'em No Limit - Level2(60/120) - 2025/12/24 01:20:26
Table '73' 8-max Seat #3 is the button
Seat 1: e19c0a6c (9,812 in chips)
Seat 2: f83c0b38 (46,144 in chips)
Seat 3: fe9edc7a (9,766 in chips)
Seat 5: 6a1268b9 (4,444 in chips)
Seat 6: d1a05eae (9,752 in chips)
Seat 7: Hero (9,766 in chips)
Seat 8: 9926f129 (10,316 in chips)
d1a05eae: posts the ante 15
6a1268b9: posts the ante 15
Hero: posts the ante 15
f83c0b38: posts the ante 15
9926f129: posts the ante 15
fe9edc7a: posts the ante 15
e19c0a6c: posts the ante 15
6a1268b9: posts small blind 60
d1a05eae: posts big blind 120
*** HOLE CARDS ***
Dealt to e19c0a6c 
Dealt to f83c0b38 
Dealt to fe9edc7a 
Dealt to 6a1268b9 
Dealt to d1a05eae 
Dealt to Hero [8c 4s]
Dealt to 9926f129 
Hero: folds
9926f129: raises 156 to 276
e19c0a6c: folds
f83c0b38: calls 276
fe9edc7a: folds
6a1268b9: folds
d1a05eae: folds
*** FLOP *** [Td 7d 9s]
9926f129: bets 837
f83c0b38: folds
Uncalled bet (837) returned to 9926f129
*** SHOWDOWN ***
9926f129 collected 837 from pot
*** SUMMARY ***
Total pot 837 | Rake 0 | Jackpot 0 | Bingo 0 | Fortune 0 | Tax 0
Board [Td 7d 9s]
Seat 1: e19c0a6c folded before Flop
Seat 2: f83c0b38 folded on the Flop
Seat 3: fe9edc7a (button) folded before Flop
Seat 5: 6a1268b9 (small blind) folded before Flop
Seat 6: d1a05eae (big blind) folded before Flop
Seat 7: Hero folded before Flop
Seat 8: 9926f129 won (837)


Poker Hand #TM5371641739: Tournament #250297015, Daily Turbo $1 Hold'em No Limit - Level1(50/100) - 2025/12/24 01:19:20
Table '73' 8-max Seat #2 is the button
Seat 1: e19c0a6c (10,024 in chips)
Seat 2: f83c0b38 (29,852 in chips)
Seat 3: fe9edc7a (9,828 in chips)
Seat 4: ab1a0d86 (15,970 in chips)
Seat 5: 6a1268b9 (4,456 in chips)
Seat 6: d1a05eae (9,764 in chips)
Seat 7: Hero (9,778 in chips)
Seat 8: 9926f129 (10,328 in chips)
d1a05eae: posts the ante 12
6a1268b9: posts the ante 12
Hero: posts the ante 12
f83c0b38: posts the ante 12
9926f129: posts the ante 12
e19c0a6c: posts the ante 12
fe9edc7a: posts the ante 12
ab1a0d86: posts the ante 12
fe9edc7a: posts small blind 50
ab1a0d86: posts big blind 100
*** HOLE CARDS ***
Dealt to e19c0a6c 
Dealt to f83c0b38 
Dealt to fe9edc7a 
Dealt to ab1a0d86 
Dealt to 6a1268b9 
Dealt to d1a05eae 
Dealt to Hero [Ac 6s]
Dealt to 9926f129 
6a1268b9: folds
d1a05eae: folds
Hero: folds
9926f129: folds
e19c0a6c: raises 100 to 200
f83c0b38: raises 600 to 800
fe9edc7a: folds
ab1a0d86: calls 700
e19c0a6c: folds
*** FLOP *** [9d 5h 3d]
ab1a0d86: checks
f83c0b38: bets 1,460
ab1a0d86: calls 1,460
*** TURN *** [9d 5h 3d] [2h]
ab1a0d86: checks
f83c0b38: bets 3,650
ab1a0d86: raises 10,048 to 13,698 and is all-in
f83c0b38: calls 10,048
ab1a0d86: shows [5d 8c] (a pair of Fives)
f83c0b38: shows [Qc Qh] (a pair of Queens)
*** RIVER *** [9d 5h 3d 2h] [4s]
*** SHOWDOWN ***
f83c0b38 collected 32,262 from pot
*** SUMMARY ***
Total pot 32,262 | Rake 0 | Jackpot 0 | Bingo 0 | Fortune 0 | Tax 0
Board [9d 5h 3d 2h 4s]
Seat 1: e19c0a6c folded before Flop
Seat 2: f83c0b38 (button) showed [Qc Qh] and won (32,262) with a pair of Queens
Seat 3: fe9edc7a (small blind) folded before Flop
Seat 4: ab1a0d86 (big blind) showed [5d 8c] and lost with a pair of Fives
Seat 5: 6a1268b9 folded before Flop
Seat 6: d1a05eae folded before Flop
Seat 7: Hero folded before Flop
Seat 8: 9926f129 folded before Flop


Poker Hand #TM5371641714: Tournament #250297015, Daily Turbo $1 Hold'em No Limit - Level1(50/100) - 2025/12/24 01:18:44
Table '73' 8-max Seat #1 is the button
Seat 1: e19c0a6c (10,036 in chips)
Seat 2: f83c0b38 (29,914 in chips)
Seat 3: fe9edc7a (9,940 in chips)
Seat 4: ab1a0d86 (15,982 in chips)
Seat 5: 6a1268b9 (4,468 in chips)
Seat 6: d1a05eae (9,976 in chips)
Seat 7: Hero (9,790 in chips)
Seat 8: 9926f129 (9,894 in chips)
d1a05eae: posts the ante 12
6a1268b9: posts the ante 12
Hero: posts the ante 12
f83c0b38: posts the ante 12
9926f129: posts the ante 12
e19c0a6c: posts the ante 12
fe9edc7a: posts the ante 12
ab1a0d86: posts the ante 12
f83c0b38: posts small blind 50
fe9edc7a: posts big blind 100
*** HOLE CARDS ***
Dealt to e19c0a6c 
Dealt to f83c0b38 
Dealt to fe9edc7a 
Dealt to ab1a0d86 
Dealt to 6a1268b9 
Dealt to d1a05eae 
Dealt to Hero [6h Ac]
Dealt to 9926f129 
ab1a0d86: folds
6a1268b9: folds
d1a05eae: raises 100 to 200
Hero: folds
9926f129: raises 646 to 846
e19c0a6c: folds
f83c0b38: folds
fe9edc7a: folds
d1a05eae: folds
Uncalled bet (646) returned to 9926f129
*** SHOWDOWN ***
9926f129 collected 646 from pot
*** SUMMARY ***
Total pot 646 | Rake 0 | Jackpot 0 | Bingo 0 | Fortune 0 | Tax 0
Seat 1: e19c0a6c (button) folded before Flop
Seat 2: f83c0b38 (small blind) folded before Flop
Seat 3: fe9edc7a (big blind) folded before Flop
Seat 4: ab1a0d86 folded before Flop
Seat 5: 6a1268b9 folded before Flop
Seat 6: d1a05eae folded before Flop
Seat 7: Hero folded before Flop
Seat 8: 9926f129 collected (646)


Poker Hand #TM5371641690: Tournament #250297015, Daily Turbo $1 Hold'em No Limit - Level1(50/100) - 2025/12/24 01:18:14
Table '73' 8-max Seat #8 is the button
Seat 1: e19c0a6c (9,852 in chips)
Seat 2: f83c0b38 (30,026 in chips)
Seat 3: fe9edc7a (9,952 in chips)
Seat 4: ab1a0d86 (15,994 in chips)
Seat 5: 6a1268b9 (4,480 in chips)
Seat 6: d1a05eae (9,988 in chips)
Seat 7: Hero (9,802 in chips)
Seat 8: 9926f129 (9,906 in chips)
d1a05eae: posts the ante 12
6a1268b9: posts the ante 12
Hero: posts the ante 12
f83c0b38: posts the ante 12
9926f129: posts the ante 12
fe9edc7a: posts the ante 12
e19c0a6c: posts the ante 12
ab1a0d86: posts the ante 12
e19c0a6c: posts small blind 50
f83c0b38: posts big blind 100
*** HOLE CARDS ***
Dealt to e19c0a6c 
Dealt to f83c0b38 
Dealt to fe9edc7a 
Dealt to ab1a0d86 
Dealt to 6a1268b9 
Dealt to d1a05eae 
Dealt to Hero [4c 9s]
Dealt to 9926f129 
fe9edc7a: folds
ab1a0d86: folds
6a1268b9: folds
d1a05eae: folds
Hero: folds
9926f129: folds
e19c0a6c: raises 250 to 350
f83c0b38: folds
Uncalled bet (250) returned to e19c0a6c
*** SHOWDOWN ***
e19c0a6c collected 296 from pot
*** SUMMARY ***
Total pot 296 | Rake 0 | Jackpot 0 | Bingo 0 | Fortune 0 | Tax 0
Seat 1: e19c0a6c (small blind) collected (296)
Seat 2: f83c0b38 (big blind) folded before Flop
Seat 3: fe9edc7a folded before Flop
Seat 4: ab1a0d86 folded before Flop
Seat 5: 6a1268b9 folded before Flop
Seat 6: d1a05eae folded before Flop
Seat 7: Hero folded before Flop
Seat 8: 9926f129 (button) folded before Flop


Poker Hand #TM5371641646: Tournament #250297015, Daily Turbo $1 Hold'em No Limit - Level1(50/100) - 2025/12/24 01:17:22
Table '73' 8-max Seat #7 is the button
Seat 1: e19c0a6c (9,964 in chips)
Seat 2: f83c0b38 (30,038 in chips)
Seat 3: fe9edc7a (9,964 in chips)
Seat 4: ab1a0d86 (9,914 in chips)
Seat 5: 6a1268b9 (9,988 in chips)
Seat 6: d1a05eae (10,000 in chips)
Seat 7: Hero (9,814 in chips)
Seat 8: 9926f129 (10,318 in chips)
d1a05eae: posts the ante 12
6a1268b9: posts the ante 12
Hero: posts the ante 12
f83c0b38: posts the ante 12
9926f129: posts the ante 12
fe9edc7a: posts the ante 12
e19c0a6c: posts the ante 12
ab1a0d86: posts the ante 12
9926f129: posts small blind 50
e19c0a6c: posts big blind 100
*** HOLE CARDS ***
Dealt to e19c0a6c 
Dealt to f83c0b38 
Dealt to fe9edc7a 
Dealt to ab1a0d86 
Dealt to 6a1268b9 
Dealt to d1a05eae 
Dealt to Hero [8c Td]
Dealt to 9926f129 
f83c0b38: folds
fe9edc7a: folds
ab1a0d86: raises 300 to 400
6a1268b9: calls 400
d1a05eae: folds
Hero: folds
9926f129: calls 350
e19c0a6c: folds
*** FLOP *** [Ah Qd 6s]
9926f129: checks
ab1a0d86: bets 698
6a1268b9: calls 698
9926f129: folds
*** TURN *** [Ah Qd 6s] [Js]
ab1a0d86: bets 2,094
6a1268b9: raises 2,304 to 4,398
ab1a0d86: raises 4,406 to 8,804 and is all-in
6a1268b9: folds
Uncalled bet (4,406) returned to ab1a0d86
*** SHOWDOWN ***
ab1a0d86 collected 11,588 from pot
*** SUMMARY ***
Total pot 11,588 | Rake 0 | Jackpot 0 | Bingo 0 | Fortune 0 | Tax 0
Board [Ah Qd 6s Js]
Seat 1: e19c0a6c (big blind) folded before Flop
Seat 2: f83c0b38 folded before Flop
Seat 3: fe9edc7a folded before Flop
Seat 4: ab1a0d86 won (11,588)
Seat 5: 6a1268b9 folded on the Turn
Seat 6: d1a05eae folded before Flop
Seat 7: Hero (button) folded before Flop
Seat 8: 9926f129 (small blind) folded on the Flop


Poker Hand #TM5371641619: Tournament #250297015, Daily Turbo $1 Hold'em No Limit - Level1(50/100) - 2025/12/24 01:16:38
Table '73' 8-max Seat #6 is the button
Seat 1: e19c0a6c (9,976 in chips)
Seat 2: f83c0b38 (9,976 in chips)
Seat 3: fe9edc7a (9,976 in chips)
Seat 4: ab1a0d86 (9,926 in chips)
Seat 5: 6a1268b9 (10,000 in chips)
Seat 6: 75e87d7b (10,134 in chips)
Seat 7: Hero (9,876 in chips)
Seat 8: 9926f129 (20,136 in chips)
75e87d7b: posts the ante 12
6a1268b9: posts the ante 12
Hero: posts the ante 12
f83c0b38: posts the ante 12
9926f129: posts the ante 12
fe9edc7a: posts the ante 12
e19c0a6c: posts the ante 12
ab1a0d86: posts the ante 12
Hero: posts small blind 50
9926f129: posts big blind 100
*** HOLE CARDS ***
Dealt to e19c0a6c 
Dealt to f83c0b38 
Dealt to fe9edc7a 
Dealt to ab1a0d86 
Dealt to 6a1268b9 
Dealt to 75e87d7b 
Dealt to Hero [2s 3s]
Dealt to 9926f129 
e19c0a6c: folds
f83c0b38: raises 100 to 200
fe9edc7a: folds
ab1a0d86: folds
6a1268b9: folds
75e87d7b: raises 9,922 to 10,122 and is all-in
Hero: folds
9926f129: calls 10,022
f83c0b38: calls 9,764 and is all-in
75e87d7b: shows [6h Ad]
9926f129: shows [4d 4s]
f83c0b38: shows [As Ah]
*** FLOP *** [8d Qd 8s]
*** TURN *** [8d Qd 8s] [5s]
*** RIVER *** [8d Qd 8s 5s] [3c]
*** SHOWDOWN ***
f83c0b38 collected 30,038 from pot
9926f129 collected 316 from pot
*** SUMMARY ***
Total pot 30,354 | Rake 0 | Jackpot 0 | Bingo 0 | Fortune 0 | Tax 0
Board [8d Qd 8s 5s 3c]
Seat 1: e19c0a6c folded before Flop
Seat 2: f83c0b38 showed [As Ah] and won (30,038) with two pair, Aces and Eights
Seat 3: fe9edc7a folded before Flop
Seat 4: ab1a0d86 folded before Flop
Seat 5: 6a1268b9 folded before Flop
Seat 6: 75e87d7b (button) showed [6h Ad] and lost with a pair of Eights
Seat 7: Hero (small blind) folded before Flop
Seat 8: 9926f129 (big blind) showed [4d 4s] and won (316) with two pair, Eights and Fours


Poker Hand #TM5371641578: Tournament #250297015, Daily Turbo $1 Hold'em No Limit - Level1(50/100) - 2025/12/24 01:15:53
Table '73' 8-max Seat #4 is the button
Seat 1: e19c0a6c (9,988 in chips)
Seat 2: f83c0b38 (9,988 in chips)
Seat 3: fe9edc7a (9,988 in chips)
Seat 4: ab1a0d86 (9,938 in chips)
Seat 6: 75e87d7b (20,122 in chips)
Seat 7: Hero (9,988 in chips)
Seat 8: 9926f129 (9,988 in chips)
75e87d7b: posts the ante 12
Hero: posts the ante 12
f83c0b38: posts the ante 12
9926f129: posts the ante 12
fe9edc7a: posts the ante 12
e19c0a6c: posts the ante 12
ab1a0d86: posts the ante 12
75e87d7b: posts small blind 50
Hero: posts big blind 100
*** HOLE CARDS ***
Dealt to e19c0a6c 
Dealt to f83c0b38 
Dealt to fe9edc7a 
Dealt to ab1a0d86 
Dealt to 75e87d7b 
Dealt to Hero [Kd 3s]
Dealt to 9926f129 
9926f129: raises 129 to 229
e19c0a6c: folds
f83c0b38: folds
fe9edc7a: folds
ab1a0d86: folds
75e87d7b: raises 321 to 550
Hero: folds
9926f129: calls 321
*** FLOP *** [Jc 3c 4s]
75e87d7b: bets 1,284
9926f129: raises 3,852 to 5,136
75e87d7b: calls 3,852
*** TURN *** [Jc 3c 4s] [8h]
75e87d7b: bets 14,424 and is all-in
9926f129: calls 4,290 and is all-in
Uncalled bet (10,134) returned to 75e87d7b
75e87d7b: shows [Qc Ah] (Ace high)
9926f129: shows [Qh 3d] (a pair of Threes)
*** RIVER *** [Jc 3c 4s 8h] [Js]
*** SHOWDOWN ***
9926f129 collected 20,136 from pot
*** SUMMARY ***
Total pot 20,136 | Rake 0 | Jackpot 0 | Bingo 0 | Fortune 0 | Tax 0
Board [Jc 3c 4s 8h Js]
Seat 1: e19c0a6c folded before Flop
Seat 2: f83c0b38 folded before Flop
Seat 3: fe9edc7a folded before Flop
Seat 4: ab1a0d86 (button) folded before Flop
Seat 6: 75e87d7b (small blind) showed [Qc Ah] and lost with a pair of Jacks
Seat 7: Hero (big blind) folded before Flop
Seat 8: 9926f129 showed [Qh 3d] and won (20,136) with two pair, Jacks and Threes


Poker Hand #TM5371641541: Tournament #250297015, Daily Turbo $1 Hold'em No Limit - Level1(50/100) - 2025/12/24 01:15:02
Table '73' 8-max Seat #3 is the button
Seat 1: e19c0a6c (10,000 in chips)
Seat 2: f83c0b38 (10,000 in chips)
Seat 3: fe9edc7a (10,000 in chips)
Seat 4: ab1a0d86 (10,000 in chips)
Seat 5: 5198d83d (10,000 in chips)
Seat 6: 75e87d7b (10,000 in chips)
Seat 7: Hero (10,000 in chips)
Seat 8: 9926f129 (10,000 in chips)
75e87d7b: posts the ante 12
Hero: posts the ante 12
f83c0b38: posts the ante 12
9926f129: posts the ante 12
fe9edc7a: posts the ante 12
e19c0a6c: posts the ante 12
5198d83d: posts the ante 12
ab1a0d86: posts the ante 12
ab1a0d86: posts small blind 50
5198d83d: posts big blind 100
*** HOLE CARDS ***
Dealt to e19c0a6c 
Dealt to f83c0b38 
Dealt to fe9edc7a 
Dealt to ab1a0d86 
Dealt to 5198d83d 
Dealt to 75e87d7b 
Dealt to Hero [Qc Td]
Dealt to 9926f129 
75e87d7b: raises 3,300 to 3,400
Hero: folds
9926f129: folds
e19c0a6c: folds
f83c0b38: folds
fe9edc7a: folds
ab1a0d86: folds
5198d83d: raises 6,588 to 9,988 and is all-in
75e87d7b: calls 6,588 and is all-in
5198d83d: shows [Jh 7c]
75e87d7b: shows [Ac Kh]
*** FLOP *** [9d 2h Qd]
*** TURN *** [9d 2h Qd] [4c]
*** RIVER *** [9d 2h Qd 4c] [8d]
*** SHOWDOWN ***
75e87d7b collected 20,122 from pot
*** SUMMARY ***
Total pot 20,122 | Rake 0 | Jackpot 0 | Bingo 0 | Fortune 0 | Tax 0
Board [9d 2h Qd 4c 8d]
Seat 1: e19c0a6c folded before Flop
Seat 2: f83c0b38 folded before Flop
Seat 3: fe9edc7a (button) folded before Flop
Seat 4: ab1a0d86 (small blind) folded before Flop
Seat 5: 5198d83d (big blind) showed [Jh 7c] and lost with Queen high
Seat 6: 75e87d7b showed [Ac Kh] and won (20,122) with Ace high
Seat 7: Hero folded before Flop
Seat 8: 9926f129 folded before Flop


